3174 5160
178 361 239 419 376
716 359 868 414 ARATEA

266 534 438 617 Isagogam
461 534 622 616 Anonymi
645 534 727 599 falso
751 535 820 599 sive
837 532 1041 598 Eratostheni
1064 534 1133 598 sive
1149 531 1337 616 Hipparcho
1360 534 1407 597 in-

180 637 333 719 scriptam
358 636 518 718 genuinae
542 641 574 700 st
596 636 735 701 eximiae
759 634 918 717 quaedam
934 634 1155 700 Eratosthenis
1179 641 1211 699 et
1225 633 1407 718 Hipparchi

180 739 314 820 eclogae
337 733 415 814 (Pb)
439 737 642 819 excipiunt,⁴)
665 737 783 802 deinde
806 737 897 801 varia
919 738 1038 801 Aratea
1058 736 1179 818 itidem,
1203 743 1239 800 ut
1260 737 1410 818 leguntur

179 841 212 902 in
229 838 352 920 codice,
369 839 464 904 simul
481 858 551 902 cum
565 841 680 921 prioris
696 838 904 922 praefationis
920 844 1071 919 excerpto
1088 837 1143 914 (Il)
1159 838 1251 903 nobis
1268 838 1406 904 edenda.

181 940 292 1006 Solam
316 941 510 1006 mutavimus
532 941 830 1025 interpunctionem.
865 936 988 1015 Quibus
1001 940 1105 1004 fontes
1122 945 1283 1021 etgraeca
1298 960 1407 1006 exem-

175 1042 231 1123 pla
254 1043 283 1107 si
306 1061 389 1124 quae
411 1061 603 1108 noveramus
626 1041 821 1107 addidimus.
865 1040 1029 1105 Nonnulla
1051 1059 1122 1104 cnm
1145 1041 1225 1104 alibi
1247 1061 1407 1125 nusquam

178 1145 389 1226 reperiantur,
415 1150 448 1207 nt
470 1151 544 1208 snnt
565 1144 685 1226 scripta
707 1144 853 1223 barbare,
875 1162 939 1207 non
955 1143 1115 1207 valuimus
1130 1142 1330 1226 intellegere.
1368 1144 1407 1208 In

180 1245 230 1310 his
254 1245 351 1326 igitur
375 1245 608 1327 opperiendum
631 1247 700 1322 erit,
724 1243 799 1308 dnm
822 1264 908 1309 nova
921 1244 1193 1327 interpretationis
1209 1245 1408 1312 adminicula

179 1347 380 1428 contigerint.
1019 1430 1025 1439 ,

264 1445 434 1529 Singulare
458 1468 535 1513 voro
559 1456 591 1514 et
612 1449 741 1512 unicum
763 1448 857 1513 nobis
880 1446 996 1512 edendi
1010 1431 1135 1530 ‘prioris
1157 1447 1307 1514 anecdoti
1329 1449 1406 1515 sub·

177 1548 295 1614 sidium
311 1550 344 1612 in
361 1550 473 1615 codice
490 1551 627 1615 occurrit
647 1549 862 1614 Laurentiano
877 1549 1065 1613 LXXXVII
1083 1555 1121 1614 10
1137 1547 1213 1628 (lib).
1251 1550 1315 1616 Ubi
1331 1570 1405 1617 cum

175 1656 250 1733 post
275 1651 456 1716 absolutam
478 1652 520 1717 de
535 1652 634 1717 Arato
657 1651 971 1735 disputatiunculam,
995 1670 1037 1715 ex
1059 1671 1124 1733 qua
1137 1653 1291 1718 nonnulla
1305 1652 1404 1736 modo

177 1752 355 1834 attulimus,
378 1754 432 1818 fol.
460 1756 535 1818 183·
556 1755 700 1820 subnecti
724 1754 801 1819 olim
825 1759 1044 1818 enotassemus
1065 1755 1153 1820 nullo
1179 1755 1284 1837 spatio
1307 1755 1404 1819 inter·

176 1854 282 1935 posito
311 1856 443 1920 nomina
470 1856 611 1921 siderum
642 1859 674 1920 in
697 1862 832 1936 utroque
862 1853 1100 1937 hemisphaerio
1128 1856 1321 1937 visibilium,
1344 1855 1405 1922 sed

175 1975 239 2020 non
264 1957 561 2041 exscripsissemns:
584 1958 723 2022 inventis
738 1976 821 2021 nunc
837 1954 1057 2022 Eratosthenis
1074 1963 1106 2021 et
1120 1956 1300 2041 Hipparchi
1316 1965 1403 2024 cata·

175 2057 258 2140 logis
282 2059 389 2124 statim
414 2060 528 2124 oborta
542 2060 635 2126 nohis
659 2066 707 2124 est
729 2058 880 2141 suspicio,
904 2059 974 2123 sive
997 2077 1069 2122 cum
1091 2060 1192 2125 altero
1208 2065 1279 2125 utro
1294 2059 1404 2124 indice

174 2161 244 2224 sive
262 2180 333 2225 cnm
350 2168 484 2245 utroque
507 2158 547 2226 hb
568 2158 792 2243 aliquomodo
815 2160 1072 2240 coniungendam
1095 2180 1175 2226 esse.
1209 2162 1311 2244 Igitur
1333 2163 1404 2227 sine

174 2281 265 2325 mora
280 2270 411 2344 rogatus
434 2264 562 2329 anobis
578 2261 802 2341 Susemihlins,
825 2261 902 2325 dnm
918 2260 1102 2327 Florentiae
1125 2271 1271 2329 versatur
1285 2285 1402 2348 nuper·

172 2364 270 2446 rime,
301 2364 491 2448 Hieronymi
515 2365 655 2441 Vitellii,
683 2365 746 2428 viri
769 2364 852 2428 inter
873 2383 994 2446 paucos
1017 2365 1142 2446 experti
1169 2366 1309 2448 prompti
1333 2365 1407 2431 offi·'

174 2464 266 2545 ciosi,
290 2467 512 2550 apographum
535 2466 712 2531 transmisit
734 2464 980 2546 diligentissime
1003 2466 1192 2531 confectum.
1227 2467 1276 2532 Ne
1292 2469 1402 2550 plura:

172 2566 318 2630 mutilam
346 2567 543 2633 Basileensis
573 2568 755 2633 barbariem
785 2567 1006 2648 supplevimus
1036 2568 1279 2634 emendavimus
1308 2569 1403 2635 intel·

173 2667 314 2733 lenimus
330 2667 539 2733 Laurentiani
561 2669 756 2733 adiumento.
793 2666 860 2732 Sed
883 2669 981 2732 etiam
997 2669 1194 2737 Basileensis
1216 2671 1269 2735 vel
1290 2671 1401 2737 utilior

172 2788 256 2832 nunc
279 2770 410 2851 quidem
433 2770 526 2834 nobis
549 2770 687 2851 videtur,
711 2789 806 2851 quam
831 2770 919 2834 visus
943 2776 992 2835 est
1013 2778 1125 2853 antea,
1155 2773 1306 2854 quoniam
1335 2793 1400 2839 non

171 2870 268 2936 modo
287 2870 385 2936 habet
397 2890 480 2952 qnae
492 2872 641 2936 socordia
652 2872 826 2937 scribarum
843 2871 940 2936 hodie
955 2878 1045 2955 patet
1056 2873 1124 2939 illic
1139 2893 1313 2956 suppressa
1329 2895 1401 2941 esse

171 2971 291 3056 sidera,
316 2992 428 3038 verum
460 2993 541 3039 unus
563 2973 650 3038 idem
677 2973 878 3056 praescripta
908 2972 1129 3039 Eratosthenis
1158 2982 1190 3039 et
1219 2975 1399 3059 Hipparchi

171 3075 303 3138 nomina
325 3081 357 3139 et
378 3077 601 3141 auctoritatem
617 3075 769 3140 servavit.
809 3075 1070 3141 Consociatis
1086 3075 1400 3144 Basileensibns

172 3182 212 3241 et
234 3176 516 3242 Laurentiano
540 3176 759 3243 anecdotis
783 3177 961 3241 siderum
984 3177 1400 3245 indicesEratosthe·

172 3277 234 3342 nis
258 3284 297 3342 et
318 3276 548 3360 Hipparchi
571 3279 736 3360 genuini
759 3280 1056 3360 quadamtenus
1080 3280 1398 3345 renovabuntur.

258 3511 278 3575 ⁴)
297 3511 367 3565 Hinc
386 3511 456 3566 falsa
468 3511 585 3566 fortasse
598 3512 751 3580 explicatur
761 3512 888 3566 Vaticani
899 3513 1046 3580 inscriptio.
1077 3513 1119 3567 De
1137 3529 1191 3582 qua
1202 3514 1271 3567 mira
1289 3515 1399 3571 molitus

171 3600 212 3649 est
230 3596 260 3650 G.
278 3595 410 3650 Manitins
428 3589 496 3651 ‘Des
515 3596 642 3651 Geminos
660 3589 786 3664 Isagoge'
807 3601 835 3650 in
848 3591 1137 3652 ‘commentationibus
1154 3593 1400 3655 Fleckeisenianis'

169 3697 197 3748 p.
214 3684 271 3735 103.
302 3681 423 3749 Scriptcr
431 3674 587 3749 ‘Isagogae'
600 3682 807 3736 mathematicus
820 3688 878 3734 erat
890 3683 999 3735 Arateis
1012 3683 1109 3736 studiis
1122 3683 1228 3738 deditus
1239 3685 1398 3739 recentioris

169 3766 275 3831 aetatis,
295 3764 400 3819 Theoni
412 3766 643 3834 aequiparandus:
663 3766 697 3820 cf.
712 3766 802 3822 Herm.
816 3768 834 3820 l.
849 3784 871 3821 c.
882 3762 1027 3822 ‘Analecta
1037 3762 1183 3824 Eratosth'
1194 3785 1253 3837 cap.
1265 3769 1278 3822 Ι
1288 3771 1397 3837 passim.
