3174 5160
445 359 520 414 VIII.
540 359 590 413 DE
609 359 678 414 000
697 359 901 415 PonTnRUM
920 360 1122 416 SODALIOIO.
1339 360 1400 419 333

169 532 304 599 tioribns
326 534 402 598 aovi
429 532 633 599 alexandrini
663 533 946 616 investigatoribus
977 533 1097 599 ideireo
1120 535 1303 615 consuevit,
1327 534 1404 615 quia

169 635 261 700 illino
274 632 355 700 haee
377 655 440 700 non
455 634 553 700 modo
569 653 633 698 non
645 633 813 699 discedant
828 633 886 699 sed
902 640 1024 700 tantum
1042 633 1236 700 concordent
1251 641 1403 718 quantum

169 735 295 818 possint
317 737 457 802 omnino.
494 736 569 800 Non
591 736 712 811 liceret,
736 736 797 801 elsi
819 737 987 818 vellemus,
1012 755 1084 802 esse
1106 735 1257 802 brevibus
1280 743 1313 801 st
1334 755 1403 802 soo-

169 837 274 903 einoto
303 840 349 902 uli
378 857 496 920 genere
525 836 720 920 disputandi.
768 838 880 919 ltaque
903 838 1049 902 Vitamm
1078 837 1207 918 eclogas
1237 836 1280 902 ad
1308 857 1403 902 unum

171 937 375 1022 eundemque
398 942 517 1006 fontem
542 938 741 1005 revocandas
765 941 1002 1004 oonsooiamns:

226 1059 255 1122 A
278 1059 396 1124 V1ns1
418 1079 449 1143 p.
467 1063 507 1123 50
520 1060 570 1123 W.
739 1057 764 1121 B
788 1058 875 1124 V1nn
890 1058 922 1122 II
944 1078 975 1141 p.
993 1063 1029 1121 51
1046 1056 1094 1120 W.
1211 1057 1236 1122 0
1261 1057 1395 1125 Sinone.

169 1178 287 1242 τοῦτον
300 1175 335 1241 δέ
347 1176 478 1261 λέγεται
489 1174 539 1241 ἐτι
551 1173 633 1261 ἐφη·
661 1227 668 1241 .
687 1227 693 1240 .
718 1174 880 1253 συντάξας
894 1179 1000 1241 ταῦτα
1016 1174 1057 1239 τὰ
1073 1175 1174 1262 ποιη-

170 1282 231 1360 βον
243 1273 324 1343 ὅντα
337 1275 579 1354 ἐπιδείξασθαι
591 1275 632 1342 τά
660 1303 751 1358 ματα
795 1271 921 1363 (‘Arg.')
968 1276 1173 1355 ἐπεδείξατο.

172 1373 410 1465 Ἀργοναυτικὰ
442 1382 499 1444 καὶ
537 1403 633 1443 κατε·
662 1374 795 1467 σφόδρα
828 1374 858 1444 δ’
904 1374 1081 1462 ἀποτυχὼν
1119 1382 1173 1445 καὶ

171 1485 336 1568 γνῶσθαι,
359 1481 404 1570 μὴ
430 1486 576 1569 φέροντα
599 1480 635 1546 δέ
663 1479 869 1569 ἐρυθριάσας
907 1487 1107 1568 παρεγένετο
1142 1482 1175 1547 ἐν

172 1581 231 1670 τὴν
262 1583 416 1672 αἰσχύνην
445 1587 512 1649 τῶν
535 1584 635 1647 πολι·
658 1581 758 1670 Ῥόδῳ
791 1582 885 1650 κάκεῐ
924 1584 1175 1665 ἐπολιτεύσατο,

173 1688 240 1751 τῶν
254 1689 310 1753 καὶ
326 1684 385 1773 τὴν
406 1682 565 1771 διαβολὴν
580 1687 636 1750 καὶ
662 1691 716 1753 καὶ
752 1686 945 1774 σοφιστεάει
983 1686 1176 1775 ῥητορικοὺς

173 1786 211 1853 τὸ
249 1783 379 1866 ὄνειδος
415 1791 482 1852 τῶν
526 1781 636 1851 ἄλλων
664 1788 795 1874 λόγους·
813 1782 1175 1855 δθενκαλῬόδιοναῦ-

174 1893 324 1978 ποιητῶν
352 1891 551 1956 καταλιπεῖν
576 1885 635 1974 τὴν
662 1888 719 1956 τὸν
753 1885 973 1958 άπεκάλεσαν.
1027 1890 1176 1956 ἐνταῦθα

174 1993 323 2077 πατρίδα
365 1994 423 2058 καὶ
470 1985 635 2078 άπεληλυ-
662 1998 773 2058 τοίνυν
797 1987 920 2079 διάγων
943 1997 998 2060 καὶ
1018 1992 1176 2072 ἐπιξέσας

175 2099 276 2160 θέναι
304 2093 353 2172 εἰς
378 2090 503 2172 Ῥόδον,
544 2087 637 2157 κάκεῑ
665 2090 766 2160 αὑτοῦ
798 2094 841 2160 τὰ
879 2095 1070 2180 ποιήματα,
1109 2091 1172 2164 εἶτ’

175 2190 259 2261 αὐτὰ
276 2195 477 2274 ἐπιξέοαντα
489 2195 637 2280 διορθοῖ·
665 2194 917 2281 ἐπιδειξάμενος
933 2198 1066 2286 σφόδρα
1082 2193 1175 2265 εὗδο-

175 2321 233 2365 σαι
248 2302 304 2364 καὶ
324 2290 429 2375 οδτως
445 2295 637 2374 ἐπιδείξασ-
664 2304 810 2385 κίμησεν,
835 2295 880 2378 ὡς
895 2303 950 2367 καὶ
966 2304 1024 2390 τῆς
1043 2297 1175 2368 Ῥοδίων
1256 2308 1258 2312 ’

175 2411 240 2467 θαι
254 2404 311 2467 καὶ
322 2396 636 2485 δπερευδοκιμηοαι,
664 2396 854 2485 ἀξιωθῆναι
904 2404 1078 2481 πολιτείας
1121 2407 1173 2468 καὶ

177 2502 228 2570 διὸ
267 2505 322 2570 καὶ
356 2500 480 2569 Ῥόδιον
517 2500 635 2567 ἑαυτὸν
662 2506 767 2592 τιμῆς.

176 2605 210 2672 ἐν
238 2620 309 2684 τοῖς
339 2604 525 2691 ποιήμασιν
554 2597 635 2671 άνα-

175 2709 308 2795 γράφει.
323 2706 502 2773 ἐπαίδευσέ
512 2732 549 2772 τε
557 2709 638 2790 λαμ-

177 2817 270 2896 πρῶς
304 2809 337 2876 ἐν
372 2803 454 2896 αὐτῇ
493 2813 548 2874 καὶ
582 2812 640 2895 τῆς

173 2912 306 2981 Ῥοδίων
322 2914 496 2986 πολιτείας
511 2913 565 2975 καί
588 2936 638 2975 τι-

176 3021 240 3104 μῆς
261 3010 402 3105 ἠξιώθη·

664 3096 752 3173 τινές
768 3096 803 3160 δέ
826 3119 939 3182 φασιν,
964 3094 1016 3163 ὅτι
1032 3096 1177 3185 ἐπανηλ-

666 3203 727 3262 θεν
758 3197 806 3274 εἰς
838 3193 1094 3283 Ἀλεξάνδρειαν
1122 3203 1177 3265 καὶ

666 3285 770 3377 αὖθις
788 3297 897 3391 ἐκεῖσε
925 3299 1178 3384 ἐπιδειξάμενος

667 3401 714 3478 εἰς
743 3398 842 3488 άκρον
872 3397 1102 3489 εὐδοκίμησεν,
1133 3400 1178 3480 ὡς
1206 3401 1408 3469 ...καὶδιά-

665 3508 720 3570 καὶ
755 3507 821 3569 τών
853 3505 1083 3590 βιβλιοθηκῶν
1120 3507 1179 3570 τοῦ
1207 3505 1303 3586 δοχος
1321 3499 1408 3585 Ἐρα-

666 3613 841 3673 Μουσείου
864 3601 1055 3694 ἀξιωθῆναι
1079 3602 1179 3672 αὐτὸν
1217 3611 1401 3681 τοσθένους

665 3713 720 3775 καὶ
749 3711 896 3795 ταφῆναι
927 3708 963 3772 δὲ
997 3706 1057 3772 σὺν
1089 3706 1198 3792 αὐτῷ.
1220 3708 1395 3792 γενόμενος

666 3815 714 3896 τη]
737 3809 951 3896 Καλλιμάχῳ.
1207 3807 1240 3874 ἐν
1263 3813 1304 3896 τῇ
1327 3834 1408 3894 προ·

1208 3916 1331 3997 στασίᾳ
1351 3913 1409 3995 της

1207 4011 1241 4078 ἐν
1298 4006 1409 4088 Ἀλεξ-

1242 4115 1378 4200 ανδρείᾳ

1217 4214 1397 4301 βιβλιοθη-

1207 4342 1274 4405 κης.
