3174 5160
764 341 914 395 ARATEA

311 631 341 695 ΙΙ
364 652 392 714 p.
410 634 517 697 2231)
539 629 581 695 τὰ
606 631 641 696 δὲ
663 630 746 696 κατὰ
770 625 983 715 τδνὌρνιθα
1005 624 1164 716 ἤγνόηται
1182 631 1244 713 μὲν
1260 623 1320 694 ύπ’
1341 623 1457 717 ἆμφο-

223 734 344 817 τέρων,
375 733 503 814 μᾶλλον
527 732 560 797 δὲ
585 727 651 796 ύπδ
675 735 733 797 τοῦ
757 726 908 815 Ἀράτου.
954 728 971 798 ὁ
995 732 1056 813 μὲν
1080 729 1143 815 γὰρ
1167 732 1387 803 ΕΥΔΟΞΟΣ
1406 734 1458 816 τῷ

222 840 379 919 Σκορπίφ
411 836 494 920 φησὶ
526 834 776 899 συνανατέλλειν
805 832 865 918 τὴν
893 832 1005 910 δεξιὰν
1034 836 1183 917 πτέρυγα
1208 836 1269 898 τοῦ
1283 827 1457 919 Ὄρνιθος,

222 939 270 1021 τῴ
302 934 336 999 δὲ
363 934 489 1021 Τοξύτῃ
519 933 556 1000 τδ
588 935 709 1000 λοιπὸν
740 928 841 1001 αύτοῦ
871 938 977 1016 στῦμα.
1024 933 1060 1010 ἐξ
1086 927 1133 999 air
1163 934 1277 1022 δῆλον,
1313 928 1367 1002 ὅτι
1395 934 1457 1023 τὴν

224 1036 335 1115 δεξιὰν
358 1042 505 1124 πτέρυγα
527 1039 587 1102 του
602 1032 763 1120 Ὄρνιθος
784 1034 868 1101 κατὰ
890 1033 949 1102 τδν
965 1041 993 1100 Ε
999 1037 1122 1107 moi
1126 1039 1190 1102 ΟΝ
1204 1036 1256 1102 δεῖ
1269 1049 1341 1114 τοῖς
1357 1034 1457 1119 έσχά-
1478 1049 1495 1099 5

223 1165 294 1217 τοις
322 1145 439 1225 μέρεσι
467 1142 526 1204 τοῦ
550 1145 718 1224 Σκορπίου
750 1143 1056 1225 συναναφέρεσθαι.
1102 1134 1118 1204 ὁ
1144 1139 1180 1205 δὲ
1202 1133 1343 1220 Ἄρατός
1371 1161 1458 1226 φησι

224 1247 272 1330 τῴ
292 1243 419 1330 Τοξότῃ
443 1236 545 1324 μόνον
569 1241 821 1306 συνανατέλλειν
844 1233 954 1304 αὐτόν.
989 1242 1030 1326 τῇ
1053 1240 1088 1306 δὲ
1112 1234 1260 1328 ἀληθεία
1282 1240 1315 1306 οἱ
1336 1239 1398 1323 μὲν
1422 1239 1457 1306 έν

223 1341 307 1434 ύκρρ
337 1349 378 1433 τῇ
410 1344 502 1431 δεξιᾷ
532 1347 670 1427 πτέρυγι
699 1345 758 1407 τοῦ
773 1336 933 1424 Ὄρνιθος
962 1355 1034 1417 τοῖς
1064 1341 1216 1424 ἐσχάτοις
1245 1348 1360 1425 μέρεσι
1388 1345 1457 1408 τῶν

222 1450 347 1535 Χηλῶν
370 1446 668 1512 συνανατέλλουσιν
690 1438 766 1509 ari?

308 1605 322 1652 t
341 1599 472 1669 δηλονότι
491 1598 515 1650 V
537 1598 546 1664 ΙΙ
569 1602 582 1649 7
602 1594 802 1652 συνανατέίλει
820 1594 853 1648 V.

795 1801 882 1864 XLV

308 1924 340 1987 II
363 1943 392 2006 p.
412 1926 473 1986 223
492 1923 516 1985 E
540 1923 598 1984 τοῦ
615 1920 650 1984 δὲ
663 1915 836 2001 Ὺδροχόου
853 1912 1035 2004 ἀρχομένου
1052 1912 1244 1985 ἀνατέλλειν
1260 1923 1343 2007 φησὶ
1363 1923 1455 1993 (Ara-

223 2032 274 2091 tus
298 2046 327 2090 v.
347 2027 407 2089 693
421 2025 502 2106 sqq.)
527 2023 844 2086 συνανατεταλκέναι
866 2024 914 2106 ιφ
928 2016 1106 2106 Αίγὸκερφ
1129 2024 1188 2086 τοῦ
1203 2013 1326 2088 Ἵππου
1342 2020 1403 2107 τήν
1418 2046 1455 2088 τε

223 2123 372 2212 κεφαλὴν
401 2126 454 2189 καὶ
485 2122 562 2200 τούς
591 2122 716 2203 πόδας,
748 2122 857 2189 δύνειν
880 2123 916 2188 δὲ
942 2121 983 2188 τὰ
1007 2117 1159 2190 ὀπίσθια
1180 2127 1240 2189 τοῦ
1263 2123 1455 2209 Κενταύρου

223 2229 279 2292 καὶ
302 2229 362 2291 τοῦ
380 2225 500 2310 Ὕδρου
523 2224 563 2290 τὰ
594 2219 663 2291 ἀπὸ
693 2229 752 2313 τῆς
781 2226 929 2312 κεφαλῆς
959 2224 1021 2301 ἕως
1049 2229 1107 2311 τῆς
1136 2224 1272 2313 πρώτης
1301 2232 1454 2311 σπείρας.

223 2325 239 2393 ὁ
266 2328 301 2392 δὲ
325 2328 543 2396 ΕΥΔΟΞΟΣ
565 2350 648 2414 φησι
671 2329 826 2411 (Aquario
850 2328 1027 2421 exorierrte)
1056 2329 1111 2392 καί
1139 2326 1199 2413 τὴν
1222 2332 1456 2396 Κασσιέπειαν
1478 2344 1494 2394 o

224 2424 416 2496 ἀνατέλλειν
437 2431 491 2493 καὶ
516 2426 573 2493 τὸν
596 2432 758 2513 Δελφῑνα.
805 2426 908 2510 ἃμὲν
933 2424 990 2493 ούν
1018 2432 1112 2516 κοινῇ
1140 2428 1305 2519 εἰρήκασι,
1336 2427 1454 2510 σχεδὸν

223 2544 397 2617 συμφωνεῖ
417 2544 488 2606 τοῖς
504 2535 730 2617 φαινομένοις,
754 2527 842 2615 πλὴν
865 2521 918 2595 ὅτι
934 2523 1009 2595 art.²
1050 2533 1176 2599 Deinde
1193 2535 1293 2599 Attali
1309 2534 1454 2616 sequitur

221 2636 260 2699 fr.
277 2637 316 2697 27
347 2655 377 2717 p.
394 2634 506 2716 XXII,
543 2635 598 2715 qui
627 2644 713 2699 reete
744 2634 836 2698 Arati
871 2633 958 2698 diota
996 2634 1233 2718 interpretando
1265 2634 1452 2720 Hipparcho

99 2725 102 2732 ¹
223 2736 330 2801 iudice
353 2736 516 2820 pervertit.
561 2735 597 2799 P.
616 2738 677 2797 224
698 2735 727 2798 D
750 2728 767 2797 δ
793 2732 829 2798 δὲ
852 2735 1070 2805 ΕΥΔΟΞΟΣ
1095 2728 1207 2818 ἀγνοεῖ
1228 2742 1309 2823 περί
1335 2761 1373 2802 τε
1394 2739 1453 2825 τῆς

223 2841 455 2912 Κασσιεπείας
476 2838 530 2899 καὶ
559 2837 617 2899 τοῦ
640 2836 817 2921 Δελφῖνος.
864 2835 1015 2920 Sequitur
1038 2837 1216 2921 Hipparchi
1240 2841 1402 2906 refutatio.
1477 2854 1507 2904 lo

307 2992 322 3041 2
341 3007 372 3043 τε
391 3003 433 3040 om
452 2987 475 3039 L
500 2996 503 3053 Ι
528 2992 544 3040 4
563 2988 683 3059 σπείρας
702 2986 773 3040 LV2:
794 2982 918 3058 ἑσπέρας
937 2987 968 3040 V.

307 3195 453 3277 Adparet
481 3195 595 3260 melius
618 3194 754 3259 Eudoxo
777 3196 909 3258 Aratum
940 3195 1010 3259 istis
1039 3194 1184 3260 versibus
1211 3194 1252 3260 de
1275 3193 1453 3279 Cassiopea

226 3303 259 3362 et
273 3295 437 3380 Delphina
461 3296 662 3361 existimasse
686 3297 756 3379 ipso
775 3294 1118 3384 auctoreHippareho.
1156 3296 1237 3361 Rem
1260 3317 1318 3380 pro
1341 3306 1452 3366 nostra

222 3398 438 3463 astronomiae
461 3397 589 3462 inscitia
610 3399 796 3480 perquirere
818 3416 878 3462 neo
900 3398 976 3461 licet
997 3417 1102 3479 neque
1125 3417 1206 3480 opus
1229 3405 1286 3464 est.
1325 3399 1453 3467 Sufficit

222 3519 262 3564 ne
286 3497 505 3582 Hipparchum
531 3497 660 3578 quidem
690 3504 829 3580 tantum,
859 3504 1012 3581 quantum
1036 3500 1140 3573 videri
1163 3502 1283 3584 possit,
1312 3522 1333 3567 a
1353 3505 1453 3570 laude

220 3603 341 3665 Aratea
363 3599 512 3664 abfuisse.
558 3596 605 3662 Of.
630 3619 699 3682 cap.
716 3600 801 3664 VIlI.

783 3820 888 3884 XLVI

306 3939 338 4002 II
360 3958 390 4020 p.
415 3942 475 4000 225
501 3940 524 4001 Β
560 3937 637 4021 περὶ
673 3935 708 4000 δὲ
741 3940 800 4001 τού
829 3935 1019 4023 Κενταύρου
1050 3928 1237 4024 ἀμφότεροι
1272 3930 1450 4024 ἆμνοούσιν

220 4042 351 4118 (Aratus
372 4049 403 4106 et
418 4041 604 4117 Eunoxus).
645 4031 682 4102 ού
705 4036 767 4123 γὰρ
791 4030 868 4116 ὅλος
892 4032 1082 4106 ἆντιδέδυκε
1104 4043 1169 4106 ταῖν
1188 4033 1327 4123 Ἰχθύων
1350 4037 1450 4126 ἀρχο-

221 4143 329 4221 μένων
363 4134 612 4225 ύναφέρεσθαι,
647 4133 723 4204 ἀλλ’
759 4139 808 4206 ἐ’τι
843 4135 943 4207 αὐτοῦ
976 4141 1018 4208 τὰ
1049 4140 1246 4228 έμπρόσθια
1274 4138 1360 4225 ὑπὲρ
1389 4142 1450 4209 τδν

307 4295 321 4342 2
345 4287 381 4348 ύίν
407 4287 519 4347 δέδυκεν
545 4292 608 4345 LV:
636 4306 698 4345 corr
724 4291 858 4348 Petavius.
