3166 5166
398 357 446 412 VI.
465 356 665 412 MEMORIAE
684 355 860 410 Acarnan
879 356 927 410 ΕΤ
945 355 1166 412 Haemonia.
1335 359 1395 420 255

165 531 296 598 ensibus
320 531 354 597 in
375 528 540 613 Areopagi
561 529 715 595 indicium
739 536 871 595 vocatus
894 549 966 596 sese
989 529 1187 616 defenderet,
1211 530 1260 598 his
1287 534 1395 601 verbis

166 632 352 716 designavit
371 623 463 699 ‘Act'
490 651 560 714 cap.
579 631 674 696 XVII
689 633 746 695 28:
769 627 803 694 iv
826 623 915 715 αὐτη]
931 627 993 716 γὰρ
1011 628 1115 712 ζῶμεν
1138 633 1192 696 καί
1208 631 1396 714 κινούμεθα

165 735 223 799 καί
246 730 355 815 ἐσμέν,
378 735 424 809 ῶς
446 737 503 797 καί
525 756 613 810 τινες
634 735 701 798 τῶν
722 725 805 797 καθ’
832 727 917 815 ὑμᾶς
936 735 1087 819 ποιητῶν
1110 731 1295 821 εἰρήκασιν·
1319 737 1398 802 «τοῦ

165 832 229 920 γὰρ
251 836 308 900 καὶ
322 837 417 920 γένος
432 832 561 917 ἐσμέν».
598 834 662 914 Qui
673 856 736 925 non
750 837 885 902 Aratum
900 836 1121 902 tantummodo
1133 837 1192 903 sed
1208 836 1395 904 Cleanthem

165 958 299 1021 quoque.
322 939 412 1020 tangi
440 938 482 1003 ab
516 939 664 1022 apostolo
700 938 868 1003 verissime
903 936 1110 1020 iudicaverit,
1146 957 1244 1004 unum
1278 940 1396 1008 scimus

165 1039 350 1106 Fabricium
374 1040 668 1122 Hambnrgensem,
700 1039 790 1104 cuius
818 1039 1008 1104 sententiam
1037 1058 1059 1102 a
1087 1041 1316 1121 posterioribus
1340 1044 1396 1108 ob·

166 1148 328 1208 scutatam
345 1143 448 1224 magis
460 1160 555 1224 quarn
567 1147 754 1224 provectam
764 1142 796 1213 ¹¹)
807 1141 909 1224 ipsius
921 1140 1028 1205 verbis
1040 1140 1247 1223 adponimus:
1260 1137 1397 1226 ‘Neque

158 1241 262 1326 forte
289 1239 462 1304 erraverit
482 1239 548 1326 qui
567 1238 702 1303 diderit
722 1239 757 1303 S.
782 1240 935 1302 Paulum
957 1239 1163 1322 apostolam,
1193 1263 1269 1304 ιιινιι
1292 1241 1397 1306 versi-

166 1342 285 1406 culum
316 1339 361 1408 or’r
384 1341 549 1429 γὰρκαὶ
572 1348 687 1427 γένος
710 1342 833 1424 ἐσμέν
855 1341 1104 1404 commendavit
1124 1341 1398 1408 Atheniensibus

165 1439 302 1508 ‘Antan'
328 1444 448 1508 XVII
465 1449 504 1508 28
535 1442 742 1528 addiditque
768 1439 819 1520 ὡς
848 1451 916 1508 καί
938 1467 1054 1520 τινες
1076 1446 1151 1508 τῶν
1173 1438 1267 1508 καθ’
1293 1440 1397 1527 ὑμᾶς

166 1550 357 1634 ποιητῶν
395 1545 603 1632 εἰρήκασι,
642 1569 711 1610 που
749 1544 938 1630 respexere
975 1545 1024 1607 ad
1054 1544 1164 1607 solu‘m
1192 1546 1397 1630 popularem

165 1647 320 1711 Aratum
338 1646 478 1710 Cilicem
501 1649 563 1711 sed
584 1647 687 1712 οίίιιυι
703 1649 751 1712 ad
769 1647 977 1720 Cleanthem,
1001 1646 1067 1731 qui
1078 1646 1228 1710 Athenis
1243 1644 1393 1711 στατικοί

165 1745 284 1831 (‘Bibl.
307 1745 421 1836 graeo.’
447 1753 496 1818 ΙΙΙ
518 1774 545 1819 c.
570 1757 609 1816 14
631 1774 662 1836 p.
685 1756 746 1818 397
771 1752 883 1828 Harl).
927 1751 1012 1816 Hinc
1040 1750 1209 1817 artificium
1239 1751 1332 1817 Pauli
1363 1759 1397 1819 et

165 1854 325 1920 rationem
357 1854 533 1921 dimicandi
562 1856 605 1921 ab
627 1856 689 1923 isto
712 1861 879 1937 poetarum
902 1854 973 1936 pari
996 1854 1134 1936 repetita
1156 1853 1315 1920 declarari
1337 1874 1395 1936 pu·

166 1962 283 2021 tamus.
329 1955 456 2023 Stoicos
483 1977 598 2042 nempe
619 1962 734 2042 poetas
757 1957 856 2038 elegit
878 1956 966 2040 ipsos
988 1960 1191 2022 accusatores
1213 1955 1279 2021 suis
1303 1957 1396 2038 quasi

166 2058 265 2123 armis
294 2059 539 2142 propulsaturus
570 2057 669 2134 (τινὲς
698 2059 751 2122 καί
783 2059 849 2121 τῶν
867 2049 1103 2140 Ἐπικουρείων
1125 2056 1179 2120 καί
1203 2059 1396 2123 Στωικῶν

167 2156 418 2244 φιλοσόφων
448 2159 649 2242 συνέβαλλον
680 2152 770 2244 αὐτῷ
799 2208 837 2226 ..
868 2155 1109 2240 ἐπιλαβόμενοί
1141 2181 1177 2222 τε
1207 2150 1308 2223 αὐτοῦ
1337 2155 1396 2225 ἰπί

165 2256 225 2325 τὸν
254 2252 383 2345 Ἄρειον
409 2260 519 2346 πάγον
541 2256 675 2349 ἤγαγον)
698 2281 759 2329 nec
781 2261 999 2328 dissimulavit
1021 2261 1108 2343 ipse,
1138 2262 1234 2328 modo
1257 2263 1396 2347 apostoli

167 2364 345 2430 orationem
369 2364 512 2431 Luthero
540 2365 721 2432 accuratius
751 2363 987 2446 interpreteris,
1015 2362 1141 2430 Stoicos
1168 2384 1224 2431 cur
1246 2366 1394 2448 elegerit:

167 2459 213 2541 ῶς
227 2470 284 2530 καί
297 2487 387 2541 τινες
402 2467 467 2528 τῶν
483 2457 565 2530 καθ’
584 2460 671 2546 ὑμᾶς
686 2467 836 2552 ποιητῶν
853 2463 1023 2551 εἰρήκασιν
1039 2466 1059 2530 i.
1077 2486 1105 2531 e.
1121 2474 1237 2549 poetae
1254 2474 1393 2534 vestram

165 2715 201 2770 ad
219 2716 296 2770 Arati
314 2733 338 2769 ν.
353 2720 467 2786 nossqq.
486 2718 519 2770 de
538 2717 675 2772 Pliadibns
694 2719 811 2785 scriptos
829 2718 945 2772 referat:

319 2809 366 2892 ἦρι
384 2824 432 2876 καί
451 2816 580 2891 ἑσπέριαι
598 2815 694 2885 (Ζεὺς
713 2813 740 2875 δ’
760 2817 887 2886 αἴτιος)
905 2818 1146 2884 είλίσσονται,

321 2894 355 2969 ὅς
372 2922 451 2976 σφισι
469 2908 518 2961 καί
535 2905 639 2974 θέρεος
656 2909 704 2961 καί
721 2907 860 2976 χείματος
878 2902 1055 2978 ἀρχομένοιο

321 2991 513 3061 σημαίνειν
531 2987 721 3046 ἐκέλευσεν
738 2988 935 3061 ἐπερχομένου
953 2983 983 3045 τ’
1002 2980 1137 3061 dairaco:

164 3104 221 3157 qua
237 3089 272 3146 de
289 3106 319 3145 re
337 3091 374 3145 ad
390 3091 520 3160 liquidum
539 3093 673 3161 perveniri
692 3092 735 3145 vix
753 3093 846 3161 possit.
876 3091 936 3144 Nec
953 3097 1044 3144 tamen
1062 3091 1118 3145 sine
1130 3090 1265 3145 industria
1283 3088 1395 3145 effertur

163 3177 221 3240 πᾶς
246 3165 295 3232 ὅδε
312 3170 426 3246 κόσμος
443 3172 630 3246 ἑλισσόμενος
651 3179 716 3250 περὶ
734 3186 833 3248 μείονι
859 3174 1014 3229 Aristarchi
1031 3176 1179 3229 astronomi
1198 3174 1281 3229 Samii
1298 3174 1393 3230 advar-

164 3259 266 3315 sarium
291 3265 423 3316 tenemus.
443 3292 475 3299 -
495 3262 536 3316 cf.
560 3278 643 3330 porro
669 3261 806 3315 Cleanthis
824 3278 849 3315 v.
863 3265 941 3330 40sq.
961 3278 997 3315 ω
1015 3260 1117 3314 Gallim.
1136 3259 1259 3331 Hymnl
1281 3260 1393 3316 initium.

166 3344 293 3400 Ceterum
320 3345 458 3400 Cleanthis
482 3364 505 3401 v.
521 3351 583 3415 laq.
607 3355 723 3415 apoeta
748 3345 866 3414 Orphico
890 3346 1009 3414 expressi
1034 3350 1098 3400 sunt
1121 3344 1205 3399 1113:
1235 3339 1394 3418 Ου’ρανί..

164 3427 384 3504 κοσμόκρατορ,
403 3425 563 3502 σφαιρηδὸν
582 3428 767 3499 ἑλισσόμενος
785 3434 850 3500 περί
868 3439 962 3501 χαῖον.
988 3430 1028 3486 lle
1045 3432 1203 3500 hymnorum
1216 3429 1394 3499 Orphicorum

164 3515 306 3570 elementis
323 3516 418 3570 stoicis
437 3517 472 3570 cf.
491 3515 636 3570 Dieterich.
651 3507 801 3570 ‘Abraaas‘
820 3531 847 3584 p.
861 3518 958 3584 easqq.

257 3634 290 3699 ¹¹)
306 3633 476 3688 wetstenius
497 3637 526 3689 in
540 3628 622 3689 ‘Nori
639 3625 818 3689 Testamenti‘
837 3634 953 3688 editione
971 3633 1215 3689 Amstelodamensi
1237 3648 1308 3688 anno
1328 3638 1393 3688 1752

167 3719 233 3786 post
248 3716 371 3773 Fabricii
388 3718 571 3774 bibliothecae
594 3720 737 3775 editionem
756 3719 904 3788 principem
927 3720 1026 3774 emissa
1043 3720 1104 3780 (rol.
1123 3719 1149 3773 11
1166 3736 1193 3789 p.
1208 3724 1276 3785 5¹11),
1293 3733 1347 3788 qua
1365 3733 1395 3773 se

166 3800 255 3856 (litare
273 3802 363 3857 solent
374 3804 527 3870 scripturae
540 3818 635 3858 sacrae
647 3808 826 3866 enarratores,
840 3803 977 3858 Cleanthis
990 3804 1151 3858 versiculum
1163 3803 1267 3859 notavit
1278 3803 1393 3871 quidem.

165 3891 200 3940 ut
222 3892 315 3942 tamen
343 3888 457 3942 obrutus
480 3889 542 3942 rudi
569 3895 597 3942 et
622 3889 714 3959 inepta
741 3889 923 3955 exemplorum
949 3889 1019 3942 mole
1045 3888 1223 3943 delitesceret.
1259 3886 1330 3941 Nam
1348 3887 1395 3956 qui

162 3964 323 4023 ‘Cleanthes
340 3969 373 4028 ἐκ
391 3975 445 4028 σοῦ
461 3967 519 4047 γὰρ
536 3973 620 4044 γένος
632 3972 724 4043 ἐσμέν.
757 3977 944 4042 Hieronymus
962 3978 991 4024 in
1003 3974 1121 4025 Galatas
1134 3977 1154 4024 I
1160 3973 1182 4025 V
1187 3966 1195 3990 '
1213 3972 1316 4037 scribit,
1333 3986 1394 4026 eum

166 4056 292 4112 crederes
304 4057 496 4126 Hieronymum
516 4060 647 4112 antestari
665 4060 732 4113 velle
746 4059 885 4114 Cleanthis
897 4073 988 4112 causa.
1020 4057 1097 4125 Quod
1108 4073 1187 4113 secus
1200 4062 1242 4113 est
1258 4062 1286 4112 et
1303 4074 1329 4126 p.
1345 4061 1394 4111 389

168 4141 268 4208 ilignei
285 4143 434 4210 (Patrolog.
447 4143 496 4196 lat.
508 4158 561 4198 ser.
574 4142 588 4196 Ι
605 4144 656 4197 rol.
669 4144 770 4208 XXVI)
782 4150 809 4199 et
825 4161 851 4213 p.
867 4148 923 4197 573.
954 4144 1022 4196 Item
1034 4142 1171 4212 exscripto
1182 4141 1309 4196 Fabricio
1328 4156 1393 4196 con·

163 4228 234 4282 tenti
254 4233 335 4282 armat
352 4227 388 4282 la
400 4228 426 4280 A
448 4228 492 4280 W.
506 4227 600 4297 Meyer
622 4234 650 4282 et
671 4229 760 4282 Weiss
779 4224 1112 4294 ‘Kritischexegetischer
1135 4226 1311 4282 Kommentar
1333 4242 1394 4281 anm

162 4309 198 4365 N.
211 4305 254 4367 T?
272 4312 326 4367 111²
343 4329 369 4380 p.
384 4317 434 4369 320
452 4312 505 4367 1v⁷
522 4329 548 4382 p.
564 4315 608 4367 3¹⁸⁸.
