3174 5160
420 359 469 413 IX.
488 358 725 413 EPIMENIDEA
742 359 792 412 ΕΤ
810 357 1079 414 ARCHILOOHEA.
1300 358 1362 418 347

261 523 431 614 εὐκόσμως
459 533 515 596 καί
547 523 732 596 ἀπετέλουν
761 527 894 616 ῥυθμόν
925 528 1121 616 ἐναρμόνιον
1151 523 1288 618 ᾄδοντες
1309 531 1364 594 καί

257 633 340 719 μέλη
362 631 449 712 τινά,
472 636 529 698 καὶ
552 624 590 697 ού
607 630 811 714 συνεχώρουν
834 625 976 698 άκοῦσαι
998 630 1057 698 τόν
1080 631 1210 719 Κρόνον
1232 633 1364 697 κλαίον-

257 759 315 812 τος
336 737 396 800 τοῦ
418 733 554 810 παιδός.
599 736 697 799 τοῦτο
722 733 758 798 δέ
781 755 866 820 φησι
888 735 1103 816 Καλλίμαχος
1124 740 1167 813 (v.
1185 739 1309 818 53sq.)‘

700 852 756 918 ἵνα
779 851 909 938 Κρόνος
933 847 1049 919 ούασιν
1072 846 1152 941 ἦχήν

379 947 525 1031 ἀσπίδος
548 953 674 1020 είσαίοι
695 956 752 1020 καὶ
773 948 820 1043 μη’
844 977 899 1019 σεο
922 952 1149 1036 κουρίζοντος,

258 1047 278 1122 δ’
301 1053 373 1122 ἔστι
394 1059 454 1121 τοῦ
475 1049 571 1134 Διός.
616 1054 653 1121 τό
680 1048 759 1121 αύτδ
785 1056 820 1120 δὲ
844 1051 919 1120 είπε
942 1058 997 1121 καὶ
1021 1050 1161 1140 Ἄρατος
1184 1058 1226 1134 (v.
1244 1060 1313 1132 35)·

377 1179 535 1240 Δικταῖοι
559 1172 728 1263 Κούρητες
750 1166 807 1240 ότε
830 1173 960 1257 Κρόνον
984 1167 1177 1255 ἐψεύδοντο.

260 1328 292 1343 ..
315 1261 401 1365 ἦσαν
425 1275 461 1341 δέ
484 1277 517 1341 οἱ
532 1280 771 1363 προειρημένοι
787 1275 944 1356 δαίμονες
960 1275 1038 1340 δέκα
1061 1273 1119 1340 τόν
1137 1268 1287 1360 άριθμδν
1309 1279 1365 1342 καὶ

260 1376 436 1444 ἐκαλοῦντο
459 1377 629 1444 Δάκτυλοι
647 1371 763 1444 Ἰδαῖοι
788 1379 845 1442 καὶ
868 1375 1036 1462 Κούρητες
1065 1379 1121 1442 καὶ
1144 1377 1365 1462 Κορύβαντες,

258 1479 428 1546 Δάκτυλοι
449 1480 509 1562 μὲν
527 1473 644 1547 Ἰδαῖοι
674 1477 743 1547 άπὸ
767 1482 825 1568 της
839 1472 929 1566 Ἴδης
955 1481 1015 1544 τοῦ
1038 1472 1137 1563 όρους
1159 1482 1219 1544 τοῦ
1241 1487 1366 1568 Κρητι-

259 1585 318 1648 κοῦ
339 1585 396 1648 καί
417 1584 484 1646 τιῦν
508 1585 568 1671 της
586 1578 674 1658 Ῥέας
690 1580 869 1661 δακτύλων,
895 1579 1061 1668 Κούρητες
1084 1581 1120 1647 δὲ
1143 1581 1199 1649 διά
1225 1582 1262 1648 τό
1287 1587 1365 1667 περὶ

259 1681 317 1748 τόν
332 1688 402 1748 Δία
418 1686 537 1767 κοῦρον
553 1679 636 1749 όντα
652 1682 831 1762 είλεῑσθαι,
852 1681 1064 1766 Κορύβαντες
1080 1682 1116 1747 δέ
1132 1682 1189 1749 διά
1205 1682 1243 1750 τό
1270 1710 1366 1773 περι-

257 1790 387 1867 βαίνειν
409 1788 458 1870 τη]
481 1783 588 1872 κούρην
611 1787 667 1850 καὶ
691 1779 827 1849 άπατᾶν
850 1781 907 1850 τόν
930 1785 1061 1868 Κρόνον
1084 1799 1156 1864 τοῖς
1179 1781 1335 1874 ᾅσμασιν.

129 1905 281 1972 Indidem
304 1908 463 1991 prompsit
484 1906 618 1972 Nonnus
641 1906 719 1970 XIV
733 1927 763 1971 v.
781 1909 919 1986 23-35,
944 1914 977 1970 ut
999 1927 1076 1973 vero
1099 1908 1172 1990 plus
1197 1907 1365 1974 exhibeat:

304 2026 360 2089 καὶ
381 2023 542 2109 βλοοοροί
565 2023 744 2110 Κρήτηθεν
768 2017 960 2101 δολλίζοντο
984 2031 1131 2109 μαχηταί

301 2123 472 2192 Δάκτυλοι
491 2119 608 2192 Ἰδαῖοι
629 2128 773 2212 κραναῆς
796 2127 952 2213 ναετηρες
975 2123 1112 2211 ἐρίπνης

301 2232 451 2313 γηγενέες
474 2227 685 2310 Κορύβαντες
707 2223 879 2313 όμήλοδες,
903 2220 949 2291 σίν
972 2250 1058 2292 ποτε
1077 2223 1159 2313 Ῥείη

301 2328 335 2394 ἐκ
357 2327 483 2410 χθονός
507 2322 743 2404 αύτοτέλεστος
767 2322 995 2421 άνεβλάστησε
1016 2331 1175 2417 γενέθλη·

310 2433 343 2495 οἳ
364 2436 490 2519 βρέφος
513 2424 743 2514 άρτιλόχεοτον
767 2422 927 2517 άεξιτόκηι
951 2429 1045 2516 παρὰ
1069 2435 1174 2518 πέτρη

304 2535 397 2620 Ζηνα
420 2536 700 2620 φερεσσακέεσσιν
724 2530 953 2616 έμιτρώσαντο
975 2539 1132 2617 χορείαις,

303 2638 414 2718 κιῦμον
437 2628 675 2718 άνακρούοντες
697 2626 878 2717 δρίκτυπον
900 2627 1090 2721 ἠπεροπῆά,

301 2728 384 2823 ἠέρα
404 2735 636 2820 βακχεύοντες·
660 2729 906 2821 άρασσομένοιο
931 2735 966 2802 δὲ
985 2739 1109 2818 χαλκοῦ

305 2831 484 2925 άγχινεηνης
506 2844 702 2921 Κρονίοισιν
727 2837 908 2922 έπέβρεμεν
932 2833 1050 2904 ούασιν
1072 2833 1139 2923 ἠχώ

303 2939 503 3026 κουροσύνην
526 2946 719 3025 Κρονίωνος
740 2934 999 3004 δποκλέπτουοα
1021 2946 1167 3024 βοείαις·

301 3044 357 3107 καὶ
381 3040 514 3126 πρόμος
536 3035 714 3125 ἡγεμόνευε
733 3043 965 3127 χοροπλεκέων
989 3041 1211 3124 Κορυβάντων

302 3145 470 3229 Πύρριχος
489 3137 609 3219 Ἰδαῖός
631 3167 668 3207 τε
691 3145 913 3221 σακέσπαλος,
939 3140 989 3218 οἷς
1013 3134 1083 3223 άμα
1105 3147 1231 3224 βαίνων

302 3245 478 3321 Κνώσσιος
501 3244 601 3310 αίόλα
624 3246 713 3331 φῦλα
736 3244 938 3330 παρωνυμος
961 3237 1091 3309 ὥπλισε
1114 3243 1257 3330 Κόρβας.

216 3366 341 3433 Recens
357 3366 489 3450 quidem
504 3367 633 3432 testium
649 3366 815 3448 memoria,
837 3373 871 3431 at
893 3366 1023 3431 fabulae
1040 3366 1200 3431 elementa
1214 3369 1364 3433 vetustis·

130 3466 222 3532 sima.
268 3466 359 3545 Quae
387 3489 438 3534 res
469 3468 673 3534 Stesimbroti
701 3467 888 3533 adiumento
917 3469 1087 3533 monstrari
1115 3474 1231 3551 potest.
1282 3468 1365 3533 Nam

131 3587 203 3632 cum
226 3570 417 3652 Apollonius
437 3561 753 3652 ‘Argonautioorum'
779 3569 841 3634 Iv.
861 3571 1022 3651 1126sqq.
1062 3569 1188 3653 Minyas
1204 3582 1365 3636 narrasset

132 3677 165 3734 et
186 3670 311 3737 Rheam
334 3672 573 3754 Dindymenam
597 3691 751 3738 evocasse

616 3795 732 3876 Τιτίην
754 3781 793 3851 θ’
821 3787 890 3869 ἅμα
913 3787 1084 3875 Κύλληνόν
1107 3811 1152 3866 τε,

302 3894 336 3956 οἳ
357 3894 477 3973 μοῦνοι
500 3891 632 3955 πολέων
654 3895 850 3978 μοιρηγέται
872 3884 931 3978 ἠδὲ
952 3889 1118 3972 πάρεδροι

305 3997 463 4080 Μητέρος
482 3985 604 4077 Ἰδαίης
625 3992 813 4078 κεκλήαται,
836 3991 936 4057 δ’σσοι
960 3990 1053 4056 έαοιν

302 4095 471 4160 Δάκτυλοι
491 4088 607 4160 Ἰδαῖοι
632 4099 822 4182 Κρηταιέες,
848 4086 904 4170 οῦς
926 4118 1011 4158 ποτε
1034 4093 1153 4179 νόμςοηἸ

304 4194 460 4284 Ἀγχιάλη
484 4202 646 4262 Δικταῖον
669 4190 733 4261 άνα
758 4201 861 4273 σπέος
886 4190 1097 4281 άμφοτέρησι

305 4299 491 4385 δραξαμένη
515 4304 612 4384 γαίης
640 4297 799 4374 Οἰαξίδος
822 4296 1022 4384 ἐβλάστησεν
