<?xml version="1.0" encoding="UTF-8"?>
<!DOCTYPE html PUBLIC "-//W3C//DTD XHTML 1.0 Transitional//EN"
    "http://www.w3.org/TR/xhtml1/DTD/xhtml1-transitional.dtd">
<html xmlns="http://www.w3.org/1999/xhtml" xml:lang="en" lang="en">
 <head>
  <title>
</title>
<meta http-equiv="Content-Type" content="text/html;charset=utf-8" />
  <meta name='ocr-system' content='tesseract 3.04.00' />
  <meta name='ocr-capabilities' content='ocr_page ocr_carea ocr_par ocr_line ocrx_word'/>
</head>
<body>
  <div class='ocr_page' id='page_1' title='image "./aratea00maasgoog_0378.png"; bbox 0 0 3174 5160; ppageno 0'>
   <div class='ocr_carea' id='block_1_1' title="bbox 223 1441 1364 1551">
    <p class='ocr_par' dir='ltr' id='par_1_1' title="bbox 223 1441 1364 1551">
     <span class='ocr_line' id='line_1_1' title="bbox 223 1441 1364 1551; baseline 0.004 -13"><span class='ocrx_word' id='word_1_1' title='bbox 223 1441 328 1538; x_wconf 77' lang='lat' dir='ltr'><strong>Libro</strong></span> <span class='ocrx_word' id='word_1_2' title='bbox 356 1473 503 1537; x_wconf 92' lang='lat' dir='ltr'><strong>absoluto</strong></span> <span class='ocrx_word' id='word_1_3' title='bbox 532 1473 648 1537; x_wconf 90' lang='lat' dir='ltr'><strong>latinas</strong></span> <span class='ocrx_word' id='word_1_4' title='bbox 676 1472 709 1535; x_wconf 98' lang='lat' dir='ltr'><strong>in</strong></span> <span class='ocrx_word' id='word_1_5' title='bbox 739 1471 922 1538; x_wconf 79' lang='lat' dir='ltr'><strong>Germanici</strong></span> <span class='ocrx_word' id='word_1_6' title='bbox 947 1470 1067 1536; x_wconf 78' lang='lat' dir='ltr'><strong>Aratea</strong></span> <span class='ocrx_word' id='word_1_7' title='bbox 1094 1474 1364 1551; x_wconf 75' lang='lat' dir='ltr'><strong>praefatiunculas</strong></span> 
     </span>
    </p>
   </div>
   <div class='ocr_carea' id='block_1_2' title="bbox 136 1577 1366 3495">
    <p class='ocr_par' dir='ltr' id='par_1_2' title="bbox 136 1577 1366 3495">
     <span class='ocr_line' id='line_1_2' title="bbox 136 1577 1365 1665; baseline 0.005 -21"><span class='ocrx_word' id='word_1_8' title='bbox 136 1580 279 1647; x_wconf 92' lang='lat' dir='ltr'><strong>nondum</strong></span> <span class='ocrx_word' id='word_1_9' title='bbox 302 1581 475 1662; x_wconf 87' lang='lat' dir='ltr'><strong>impressas</strong></span> <span class='ocrx_word' id='word_1_10' title='bbox 499 1598 517 1643; x_wconf 90' lang='lat' dir='ltr'><strong>e</strong></span> <span class='ocrx_word' id='word_1_11' title='bbox 539 1580 726 1643; x_wconf 87' lang='lat' dir='ltr'><strong>membrana</strong></span> <span class='ocrx_word' id='word_1_12' title='bbox 748 1584 875 1644; x_wconf 90' lang='lat' dir='ltr'><strong>vetusta</strong></span> <span class='ocrx_word' id='word_1_13' title='bbox 893 1577 1071 1644; x_wconf 89' lang='lat' dir='ltr'><strong>Basileensi</strong></span> <span class='ocrx_word' id='word_1_14' title='bbox 1092 1580 1223 1645; x_wconf 89' lang='lat' dir='ltr'><strong>tandem</strong></span> <span class='ocrx_word' id='word_1_15' title='bbox 1245 1603 1365 1665; x_wconf 86' lang='lat' dir='ltr'><strong>cogno-</strong></span> 
     </span>
     <span class='ocr_line' id='line_1_3' title="bbox 138 1679 1364 1763; baseline 0.002 -17"><span class='ocrx_word' id='word_1_16' title='bbox 138 1683 253 1747; x_wconf 84' lang='lat' dir='ltr'><strong>vimus.</strong></span> <span class='ocrx_word' id='word_1_17' title='bbox 299 1682 507 1746; x_wconf 87' lang='lat' dir='ltr'><strong>Deterruerat</strong></span> <span class='ocrx_word' id='word_1_18' title='bbox 527 1689 624 1746; x_wconf 90' lang='lat' dir='ltr'><strong>antea</strong></span> <span class='ocrx_word' id='word_1_19' title='bbox 644 1681 686 1747; x_wconf 87' lang='lat' dir='ltr'><strong>ab</strong></span> <span class='ocrx_word' id='word_1_20' title='bbox 709 1679 760 1746; x_wconf 93' lang='lat' dir='ltr'><strong>his</strong></span> <span class='ocrx_word' id='word_1_21' title='bbox 776 1681 938 1763; x_wconf 82' lang='lat' dir='ltr'>opusculis</span> <span class='ocrx_word' id='word_1_22' title='bbox 962 1686 994 1744; x_wconf 88' lang='lat' dir='ltr'><strong>et</strong></span> <span class='ocrx_word' id='word_1_23' title='bbox 1014 1679 1155 1747; x_wconf 90' lang='lat' dir='ltr'><strong>editores</strong></span> <span class='ocrx_word' id='word_1_24' title='bbox 1179 1681 1364 1751; x_wconf 83' lang='lat' dir='ltr'><strong>Germanici</strong></span> 
     </span>
     <span class='ocr_line' id='line_1_4' title="bbox 139 1779 1363 1863; baseline 0.002 -14"><span class='ocrx_word' id='word_1_25' title='bbox 139 1790 172 1849; x_wconf 89' lang='lat' dir='ltr'><strong>et</strong></span> <span class='ocrx_word' id='word_1_26' title='bbox 201 1783 347 1850; x_wconf 89' lang='lat' dir='ltr'><strong>codicum</strong></span> <span class='ocrx_word' id='word_1_27' title='bbox 378 1784 556 1848; x_wconf 92' lang='lat' dir='ltr'><strong>conlatores</strong></span> <span class='ocrx_word' id='word_1_28' title='bbox 585 1783 627 1848; x_wconf 91' lang='lat' dir='ltr'><strong>ad</strong></span> <span class='ocrx_word' id='word_1_29' title='bbox 649 1803 746 1847; x_wconf 90' lang='lat' dir='ltr'><strong>unum</strong></span> <span class='ocrx_word' id='word_1_30' title='bbox 773 1801 881 1847; x_wconf 92' lang='lat' dir='ltr'><strong>omnes</strong></span> <span class='ocrx_word' id='word_1_31' title='bbox 911 1779 1072 1863; x_wconf 83' lang='lat' dir='ltr'>hodieque</span> <span class='ocrx_word' id='word_1_32' title='bbox 1095 1783 1235 1849; x_wconf 89' lang='lat' dir='ltr'><strong>deterret</strong></span> <span class='ocrx_word' id='word_1_33' title='bbox 1258 1805 1363 1851; x_wconf 91' lang='lat' dir='ltr'><strong>sermo</strong></span> 
     </span>
     <span class='ocr_line' id='line_1_5' title="bbox 139 1881 1363 1971; baseline 0.005 -23"><span class='ocrx_word' id='word_1_34' title='bbox 139 1905 203 1951; x_wconf 91' lang='lat' dir='ltr'><strong>non</strong></span> <span class='ocrx_word' id='word_1_35' title='bbox 226 1885 343 1951; x_wconf 87' lang='lat' dir='ltr'><strong>latinus</strong></span> <span class='ocrx_word' id='word_1_36' title='bbox 367 1885 426 1950; x_wconf 92' lang='lat' dir='ltr'><strong>sed</strong></span> <span class='ocrx_word' id='word_1_37' title='bbox 448 1886 584 1950; x_wconf 88' lang='lat' dir='ltr'><strong>barbare</strong></span> <span class='ocrx_word' id='word_1_38' title='bbox 599 1885 792 1966; x_wconf 80' lang='lat' dir='ltr'><strong>balbutiens,</strong></span> <span class='ocrx_word' id='word_1_39' title='bbox 814 1904 853 1949; x_wconf 89' lang='lat' dir='ltr'><strong>ac</strong></span> <span class='ocrx_word' id='word_1_40' title='bbox 868 1901 908 1947; x_wconf 93' lang='lat' dir='ltr'><strong>ne</strong></span> <span class='ocrx_word' id='word_1_41' title='bbox 923 1881 958 1946; x_wconf 94' lang='lat' dir='ltr'><strong>id</strong></span> <span class='ocrx_word' id='word_1_42' title='bbox 976 1883 1106 1964; x_wconf 87' lang='lat' dir='ltr'><strong>quidem</strong></span> <span class='ocrx_word' id='word_1_43' title='bbox 1119 1885 1253 1969; x_wconf 84' lang='lat' dir='ltr'><strong>adlexit,</strong></span> <span class='ocrx_word' id='word_1_44' title='bbox 1276 1890 1363 1971; x_wconf 91' lang='lat' dir='ltr'><strong>quod</strong></span> 
     </span>
     <span class='ocr_line' id='line_1_6' title="bbox 138 1985 1364 2072; baseline 0.002 -21"><span class='ocrx_word' id='word_1_45' title='bbox 138 1988 313 2070; x_wconf 82' lang='lat' dir='ltr'><strong>pretiosam</strong></span> <span class='ocrx_word' id='word_1_46' title='bbox 336 1987 427 2052; x_wconf 85' lang='lat' dir='ltr'><strong>Arati</strong></span> <span class='ocrx_word' id='word_1_47' title='bbox 450 1987 558 2051; x_wconf 89' lang='lat' dir='ltr'><strong>Vitam</strong></span> <span class='ocrx_word' id='word_1_48' title='bbox 581 1987 613 2050; x_wconf 92' lang='lat' dir='ltr'><strong>in</strong></span> <span class='ocrx_word' id='word_1_49' title='bbox 636 1986 772 2052; x_wconf 92' lang='lat' dir='ltr'><strong>eandem</strong></span> <span class='ocrx_word' id='word_1_50' title='bbox 795 1986 863 2050; x_wconf 90' lang='lat' dir='ltr'><strong>fere</strong></span> <span class='ocrx_word' id='word_1_51' title='bbox 885 1985 1066 2050; x_wconf 89' lang='lat' dir='ltr'><strong>barbariem</strong></span> <span class='ocrx_word' id='word_1_52' title='bbox 1089 2006 1277 2053; x_wconf 84' lang='lat' dir='ltr'><strong>conversam</strong></span> <span class='ocrx_word' id='word_1_53' title='bbox 1300 1991 1364 2072; x_wconf 93' lang='lat' dir='ltr'><strong>pri·</strong></span> 
     </span>
     <span class='ocr_line' id='line_1_7' title="bbox 138 2086 1363 2157; baseline 0.004 -5"><span class='ocrx_word' id='word_1_54' title='bbox 138 2109 225 2153; x_wconf 93' lang='lat' dir='ltr'><strong>mum</strong></span> <span class='ocrx_word' id='word_1_55' title='bbox 247 2088 392 2154; x_wconf 87' lang='lat' dir='ltr'><strong>Iriartius</strong></span> <span class='ocrx_word' id='word_1_56' title='bbox 414 2087 678 2154; x_wconf 84' lang='lat' dir='ltr'><strong>bibliothecarius</strong></span> <span class='ocrx_word' id='word_1_57' title='bbox 705 2088 902 2153; x_wconf 84' lang='lat' dir='ltr'><strong>Matritensis</strong></span> <span class='ocrx_word' id='word_1_58' title='bbox 932 2106 949 2151; x_wconf 99' lang='lat' dir='ltr'><strong>e</strong></span> <span class='ocrx_word' id='word_1_59' title='bbox 977 2086 1155 2153; x_wconf 88' lang='lat' dir='ltr'><strong>Matritensi</strong></span> <span class='ocrx_word' id='word_1_60' title='bbox 1178 2087 1363 2157; x_wconf 80' lang='lat' dir='ltr'><strong>Germanici</strong></span> 
     </span>
     <span class='ocr_line' id='line_1_8' title="bbox 137 2186 1363 2278; baseline 0.003 -25"><span class='ocrx_word' id='word_1_61' title='bbox 137 2189 232 2271; x_wconf 88' lang='lat' dir='ltr'><strong>libro,</strong></span> <span class='ocrx_word' id='word_1_62' title='bbox 261 2196 335 2272; x_wconf 91' lang='lat' dir='ltr'><strong>post</strong></span> <span class='ocrx_word' id='word_1_63' title='bbox 358 2209 430 2256; x_wconf 91' lang='lat' dir='ltr'><strong>eum</strong></span> <span class='ocrx_word' id='word_1_64' title='bbox 454 2192 574 2273; x_wconf 89' lang='lat' dir='ltr'><strong>optime</strong></span> <span class='ocrx_word' id='word_1_65' title='bbox 603 2190 677 2255; x_wconf 88' lang='lat' dir='ltr'><strong>aliis</strong></span> <span class='ocrx_word' id='word_1_66' title='bbox 706 2208 833 2271; x_wconf 89' lang='lat' dir='ltr'><strong>quoque</strong></span> <span class='ocrx_word' id='word_1_67' title='bbox 863 2186 1028 2254; x_wconf 90' lang='lat' dir='ltr'><strong>codicibus</strong></span> <span class='ocrx_word' id='word_1_68' title='bbox 1057 2188 1236 2273; x_wconf 88' lang='lat' dir='ltr'><strong>adsumptis</strong></span> <span class='ocrx_word' id='word_1_69' title='bbox 1264 2193 1363 2278; x_wconf 85' lang='lat' dir='ltr'><strong>Brey·</strong></span> 
     </span>
     <span class='ocr_line' id='line_1_9' title="bbox 138 2291 1364 2375; baseline 0.002 -17"><span class='ocrx_word' id='word_1_70' title='bbox 138 2294 240 2375; x_wconf 86' lang='lat' dir='ltr'><strong>sigius</strong></span> <span class='ocrx_word' id='word_1_71' title='bbox 261 2293 294 2357; x_wconf 92' lang='lat' dir='ltr'><strong>in</strong></span> <span class='ocrx_word' id='word_1_72' title='bbox 318 2299 555 2374; x_wconf 85' lang='lat' dir='ltr'><strong>programmate</strong></span> <span class='ocrx_word' id='word_1_73' title='bbox 579 2291 769 2357; x_wconf 85' lang='lat' dir='ltr'><strong>Erfordiano</strong></span> <span class='ocrx_word' id='word_1_74' title='bbox 792 2311 821 2355; x_wconf 89' lang='lat' dir='ltr'><strong>a.</strong></span> <span class='ocrx_word' id='word_1_75' title='bbox 843 2291 923 2354; x_wconf 80' lang='lat'>1870</span> <span class='ocrx_word' id='word_1_76' title='bbox 946 2291 1195 2372; x_wconf 90' lang='lat' dir='ltr'><strong>promulgarunt</strong></span> <span class='ocrx_word' id='word_1_77' title='bbox 1241 2293 1364 2360; x_wconf 90' lang='lat' dir='ltr'><strong>Invasi-</strong></span> 
     </span>
     <span class='ocr_line' id='line_1_10' title="bbox 137 2393 1365 2474; baseline 0.002 -16"><span class='ocrx_word' id='word_1_78' title='bbox 137 2413 209 2460; x_wconf 91' lang='lat' dir='ltr'><strong>mus</strong></span> <span class='ocrx_word' id='word_1_79' title='bbox 239 2413 298 2460; x_wconf 92' lang='lat' dir='ltr'><strong>nos</strong></span> <span class='ocrx_word' id='word_1_80' title='bbox 326 2394 407 2458; x_wconf 93' lang='lat' dir='ltr'><strong>illud</strong></span> <span class='ocrx_word' id='word_1_81' title='bbox 436 2395 654 2460; x_wconf 86' lang='lat' dir='ltr'><strong>translationis</strong></span> <span class='ocrx_word' id='word_1_82' title='bbox 683 2398 858 2458; x_wconf 90' lang='lat' dir='ltr'><strong>monstrum</strong></span> <span class='ocrx_word' id='word_1_83' title='bbox 885 2393 1090 2474; x_wconf 87' lang='lat' dir='ltr'><strong>imperterriti</strong></span> <span class='ocrx_word' id='word_1_84' title='bbox 1118 2400 1151 2458; x_wconf 92' lang='lat' dir='ltr'><strong>et</strong></span> <span class='ocrx_word' id='word_1_85' title='bbox 1173 2397 1281 2460; x_wconf 92' lang='lat' dir='ltr'><strong>omnia</strong></span> <span class='ocrx_word' id='word_1_86' title='bbox 1302 2397 1365 2461; x_wconf 86' lang='lat' dir='ltr'><strong>tria</strong></span> 
     </span>
     <span class='ocr_line' id='line_1_11' title="bbox 137 2493 1366 2579; baseline 0 -17"><span class='ocrx_word' id='word_1_87' title='bbox 137 2497 245 2579; x_wconf 88' lang='lat' dir='ltr'><strong>capita</strong></span> <span class='ocrx_word' id='word_1_88' title='bbox 272 2496 472 2561; x_wconf 88' lang='lat' dir='ltr'><strong>Basilcensia</strong></span> <span class='ocrx_word' id='word_1_89' title='bbox 499 2495 543 2561; x_wconf 89' lang='lat' dir='ltr'><strong>ad</strong></span> <span class='ocrx_word' id='word_1_90' title='bbox 571 2496 667 2560; x_wconf 90' lang='lat' dir='ltr'><strong>finem</strong></span> <span class='ocrx_word' id='word_1_91' title='bbox 696 2513 799 2577; x_wconf 89' lang='lat' dir='ltr'><strong>usquo</strong></span> <span class='ocrx_word' id='word_1_92' title='bbox 827 2493 1056 2575; x_wconf 83' lang='lat' dir='ltr'><strong>descripsimus</strong></span> <span class='ocrx_word' id='word_1_93' title='bbox 1089 2496 1228 2578; x_wconf 90' lang='lat' dir='ltr'><strong>primum</strong></span> <span class='ocrx_word' id='word_1_94' title='bbox 1257 2497 1366 2562; x_wconf 89' lang='lat' dir='ltr'><strong>taedio</strong></span> 
     </span>
     <span class='ocr_line' id='line_1_12' title="bbox 137 2595 1366 2680; baseline 0.002 -18"><span class='ocrx_word' id='word_1_95' title='bbox 137 2599 215 2664; x_wconf 84' lang='lat' dir='ltr'><strong>victi</strong></span> <span class='ocrx_word' id='word_1_96' title='bbox 244 2604 276 2663; x_wconf 91' lang='lat' dir='ltr'><strong>et</strong></span> <span class='ocrx_word' id='word_1_97' title='bbox 297 2597 444 2680; x_wconf 85' lang='lat' dir='ltr'><strong>fastidio,</strong></span> <span class='ocrx_word' id='word_1_98' title='bbox 474 2596 646 2663; x_wconf 84' lang='lat' dir='ltr'><strong>exhilarati</strong></span> <span class='ocrx_word' id='word_1_99' title='bbox 674 2599 784 2680; x_wconf 89' lang='lat' dir='ltr'><strong>paullo</strong></span> <span class='ocrx_word' id='word_1_100' title='bbox 807 2603 881 2680; x_wconf 92' lang='lat' dir='ltr'><strong>post</strong></span> <span class='ocrx_word' id='word_1_101' title='bbox 909 2595 1049 2678; x_wconf 90' lang='lat' dir='ltr'><strong>quodam</strong></span> <span class='ocrx_word' id='word_1_102' title='bbox 1079 2597 1217 2680; x_wconf 88' lang='lat' dir='ltr'><strong>impensi</strong></span> <span class='ocrx_word' id='word_1_103' title='bbox 1246 2600 1366 2665; x_wconf 89' lang='lat' dir='ltr'><strong>laboris</strong></span> 
     </span>
     <span class='ocr_line' id='line_1_13' title="bbox 137 2698 1365 2783; baseline 0.001 -18"><span class='ocrx_word' id='word_1_104' title='bbox 137 2706 265 2781; x_wconf 88' lang='lat' dir='ltr'><strong>eventu,</strong></span> <span class='ocrx_word' id='word_1_105' title='bbox 290 2705 488 2782; x_wconf 87' lang='lat' dir='ltr'><strong>postremum</strong></span> <span class='ocrx_word' id='word_1_106' title='bbox 511 2702 605 2765; x_wconf 86' lang='lat' dir='ltr'><strong>novis</strong></span> <span class='ocrx_word' id='word_1_107' title='bbox 628 2700 788 2765; x_wconf 94' lang='lat' dir='ltr'><strong>nonnullis</strong></span> <span class='ocrx_word' id='word_1_108' title='bbox 810 2699 947 2782; x_wconf 91' lang='lat' dir='ltr'><strong>repertis</strong></span> <span class='ocrx_word' id='word_1_109' title='bbox 970 2698 1184 2781; x_wconf 89' lang='lat' dir='ltr'><strong>obstupefacti</strong></span> <span class='ocrx_word' id='word_1_110' title='bbox 1208 2707 1240 2765; x_wconf 94' lang='lat' dir='ltr'><strong>et</strong></span> <span class='ocrx_word' id='word_1_111' title='bbox 1261 2720 1365 2783; x_wconf 88' lang='lat' dir='ltr'><strong>paene</strong></span> 
     </span>
     <span class='ocr_line' id='line_1_14' title="bbox 136 2800 1365 2884; baseline 0.001 -18"><span class='ocrx_word' id='word_1_112' title='bbox 136 2801 294 2884; x_wconf 86' lang='lat' dir='ltr'><strong>oppressi.</strong></span> <span class='ocrx_word' id='word_1_113' title='bbox 338 2801 518 2866; x_wconf 92' lang='lat' dir='ltr'><strong>Promimus</strong></span> <span class='ocrx_word' id='word_1_114' title='bbox 541 2822 583 2867; x_wconf 84' lang='lat' dir='ltr'><strong>ex</strong></span> <span class='ocrx_word' id='word_1_115' title='bbox 604 2800 794 2884; x_wconf 89' lang='lat' dir='ltr'><strong>apographo</strong></span> <span class='ocrx_word' id='word_1_116' title='bbox 823 2820 906 2865; x_wconf 94' lang='lat' dir='ltr'><strong>nunc</strong></span> <span class='ocrx_word' id='word_1_117' title='bbox 930 2820 984 2876; x_wconf 89' lang='lat' dir='ltr'><strong>ea,</strong></span> <span class='ocrx_word' id='word_1_118' title='bbox 1014 2820 1097 2882; x_wconf 88' lang='lat' dir='ltr'><strong>quae</strong></span> <span class='ocrx_word' id='word_1_119' title='bbox 1123 2803 1220 2883; x_wconf 91' lang='lat' dir='ltr'><strong>longe</strong></span> <span class='ocrx_word' id='word_1_120' title='bbox 1243 2803 1365 2883; x_wconf 88' lang='lat' dir='ltr'><strong>gravis·</strong></span> 
     </span>
     <span class='ocr_line' id='line_1_15' title="bbox 137 2902 1364 2986; baseline -0.001 -18"><span class='ocrx_word' id='word_1_121' title='bbox 137 2903 219 2968; x_wconf 91' lang='lat' dir='ltr'><strong>sima</strong></span> <span class='ocrx_word' id='word_1_122' title='bbox 241 2909 314 2969; x_wconf 89' lang='lat' dir='ltr'><strong>sunt</strong></span> <span class='ocrx_word' id='word_1_123' title='bbox 336 2908 368 2968; x_wconf 90' lang='lat' dir='ltr'><strong>et</strong></span> <span class='ocrx_word' id='word_1_124' title='bbox 391 2902 484 2968; x_wconf 92' lang='lat' dir='ltr'><strong>huius</strong></span> <span class='ocrx_word' id='word_1_125' title='bbox 500 2903 574 2967; x_wconf 91' lang='lat' dir='ltr'><strong>libri</strong></span> <span class='ocrx_word' id='word_1_126' title='bbox 589 2909 778 2986; x_wconf 89' lang='lat' dir='ltr'><strong>argumento</strong></span> <span class='ocrx_word' id='word_1_127' title='bbox 799 2910 877 2984; x_wconf 86' lang='lat' dir='ltr'><strong>apta</strong></span> <span class='ocrx_word' id='word_1_128' title='bbox 893 2902 1032 2984; x_wconf 87' lang='lat' dir='ltr'><strong>omnino,</strong></span> <span class='ocrx_word' id='word_1_129' title='bbox 1056 2910 1090 2967; x_wconf 92' lang='lat' dir='ltr'><strong>ut</strong></span> <span class='ocrx_word' id='word_1_130' title='bbox 1105 2903 1202 2968; x_wconf 92' lang='lat' dir='ltr'><strong>simul</strong></span> <span class='ocrx_word' id='word_1_131' title='bbox 1217 2902 1364 2968; x_wconf 91' lang='lat' dir='ltr'><strong>codicum</strong></span> 
     </span>
     <span class='ocr_line' id='line_1_16' title="bbox 137 3002 1366 3087; baseline 0.001 -18"><span class='ocrx_word' id='word_1_132' title='bbox 137 3004 322 3070; x_wconf 81' lang='lat' dir='ltr'><strong>Germanici</strong></span> <span class='ocrx_word' id='word_1_133' title='bbox 344 3023 551 3086; x_wconf 90' lang='lat' dir='ltr'><strong>quoscunque</strong></span> <span class='ocrx_word' id='word_1_134' title='bbox 567 3006 672 3070; x_wconf 90' lang='lat' dir='ltr'><strong>simile</strong></span> <span class='ocrx_word' id='word_1_135' title='bbox 688 3003 767 3087; x_wconf 90' lang='lat' dir='ltr'><strong>quid</strong></span> <span class='ocrx_word' id='word_1_136' title='bbox 783 3002 952 3085; x_wconf 92' lang='lat' dir='ltr'><strong>complecti</strong></span> <span class='ocrx_word' id='word_1_137' title='bbox 968 3011 1093 3069; x_wconf 90' lang='lat' dir='ltr'><strong>constat</strong></span> <span class='ocrx_word' id='word_1_138' title='bbox 1108 3041 1149 3050; x_wconf 97' lang='lat'><strong>—</strong></span> <span class='ocrx_word' id='word_1_139' title='bbox 1165 3006 1366 3072; x_wconf 86' lang='lat' dir='ltr'><strong>enumeravit</strong></span> 
     </span>
     <span class='ocr_line' id='line_1_17' title="bbox 137 3105 1362 3191; baseline 0.001 -21"><span class='ocrx_word' id='word_1_140' title='bbox 137 3106 308 3189; x_wconf 89' lang='lat' dir='ltr'><strong>plerosque</strong></span> <span class='ocrx_word' id='word_1_141' title='bbox 337 3107 369 3170; x_wconf 96' lang='lat' dir='ltr'><strong>in</strong></span> <span class='ocrx_word' id='word_1_142' title='bbox 393 3106 534 3171; x_wconf 89' lang='lat' dir='ltr'><strong>editione</strong></span> <span class='ocrx_word' id='word_1_143' title='bbox 557 3107 718 3188; x_wconf 90' lang='lat' dir='ltr'><strong>Breysigii</strong></span> <span class='ocrx_word' id='word_1_144' title='bbox 748 3105 917 3187; x_wconf 86' lang='lat' dir='ltr'><strong>diligentia</strong></span> <span class='ocrx_word' id='word_1_145' title='bbox 943 3138 983 3148; x_wconf 84' lang='lat'>-</span> <span class='ocrx_word' id='word_1_146' title='bbox 1006 3106 1134 3171; x_wconf 87' lang='lat' dir='ltr'><strong>facilius</strong></span> <span class='ocrx_word' id='word_1_147' title='bbox 1161 3113 1362 3191; x_wconf 86' lang='lat' dir='ltr'><strong>perscrutan-</strong></span> 
     </span>
     <span class='ocr_line' id='line_1_18' title="bbox 137 3206 1364 3291; baseline 0.003 -21"><span class='ocrx_word' id='word_1_148' title='bbox 137 3206 251 3272; x_wconf 92' lang='lat' dir='ltr'><strong>dorum</strong></span> <span class='ocrx_word' id='word_1_149' title='bbox 273 3208 346 3273; x_wconf 88' lang='lat' dir='ltr'><strong>aliis</strong></span> <span class='ocrx_word' id='word_1_150' title='bbox 361 3209 573 3291; x_wconf 85' lang='lat' dir='ltr'><strong>praebeamus</strong></span> <span class='ocrx_word' id='word_1_151' title='bbox 589 3209 766 3273; x_wconf 89' lang='lat' dir='ltr'><strong>materiam.</strong></span> <span class='ocrx_word' id='word_1_152' title='bbox 800 3208 964 3287; x_wconf 85' lang='lat' dir='ltr'><strong>Rogamus</strong></span> <span class='ocrx_word' id='word_1_153' title='bbox 983 3207 1068 3271; x_wconf 91' lang='lat' dir='ltr'><strong>enim</strong></span> <span class='ocrx_word' id='word_1_154' title='bbox 1082 3206 1299 3291; x_wconf 87' lang='lat' dir='ltr'><strong>vehementer,</strong></span> <span class='ocrx_word' id='word_1_155' title='bbox 1322 3229 1364 3275; x_wconf 92' lang='lat' dir='ltr'><strong>ne</strong></span> 
     </span>
     <span class='ocr_line' id='line_1_19' title="bbox 137 3308 1364 3393; baseline 0.002 -20"><span class='ocrx_word' id='word_1_156' title='bbox 137 3309 275 3392; x_wconf 91' lang='lat' dir='ltr'><strong>amplius</strong></span> <span class='ocrx_word' id='word_1_157' title='bbox 298 3310 369 3391; x_wconf 87' lang='lat' dir='ltr'><strong>ista,</strong></span> <span class='ocrx_word' id='word_1_158' title='bbox 394 3310 505 3392; x_wconf 90' lang='lat' dir='ltr'><strong>quiin</strong></span> <span class='ocrx_word' id='word_1_159' title='bbox 528 3308 733 3376; x_wconf 89' lang='lat' dir='ltr'><strong>bibliothecis</strong></span> <span class='ocrx_word' id='word_1_160' title='bbox 748 3308 949 3375; x_wconf 88' lang='lat' dir='ltr'><strong>conferendis</strong></span> <span class='ocrx_word' id='word_1_161' title='bbox 972 3308 1137 3375; x_wconf 90' lang='lat' dir='ltr'><strong>codicibus</strong></span> <span class='ocrx_word' id='word_1_162' title='bbox 1157 3318 1364 3393; x_wconf 87' lang='lat' dir='ltr'><strong>occupantur,</strong></span> 
     </span>
     <span class='ocr_line' id='line_1_20' title="bbox 138 3416 557 3495; baseline -0.002 -19"><span class='ocrx_word' id='word_1_163' title='bbox 138 3416 322 3493; x_wconf 88' lang='lat' dir='ltr'><strong>contempta</strong></span> <span class='ocrx_word' id='word_1_164' title='bbox 342 3417 557 3495; x_wconf 90' lang='lat' dir='ltr'><strong>praetereant.</strong></span> 
     </span>
    </p>
   </div>
   <div class='ocr_carea' id='block_1_3' title="bbox 134 3630 1364 3916">
    <p class='ocr_par' dir='ltr' id='par_1_3' title="bbox 134 3630 1364 3916">
     <span class='ocr_line' id='line_1_21' title="bbox 134 3630 1364 3727; baseline 0 -30"><span class='ocrx_word' id='word_1_165' title='bbox 134 3719 139 3727; x_wconf 87' lang='lat'>.</span> <span class='ocrx_word' id='word_1_166' title='bbox 222 3630 375 3697; x_wconf 82' lang='lat' dir='ltr'><strong>codicem</strong></span> <span class='ocrx_word' id='word_1_167' title='bbox 399 3631 582 3697; x_wconf 83' lang='lat' dir='ltr'><strong>Germanici</strong></span> <span class='ocrx_word' id='word_1_168' title='bbox 605 3632 825 3697; x_wconf 88' lang='lat' dir='ltr'><strong>Basilcensem</strong></span> <span class='ocrx_word' id='word_1_169' title='bbox 847 3630 978 3694; x_wconf 89' lang='lat' dir='ltr'><strong>saeculo</strong></span> <span class='ocrx_word' id='word_1_170' title='bbox 1001 3636 1116 3695; x_wconf 86' lang='lat' dir='ltr'><strong>octavo</strong></span> <span class='ocrx_word' id='word_1_171' title='bbox 1146 3632 1223 3695; x_wconf 92' lang='lat' dir='ltr'><strong>olim</strong></span> <span class='ocrx_word' id='word_1_172' title='bbox 1252 3633 1364 3698; x_wconf 90' lang='lat' dir='ltr'><strong>tribuit</strong></span> 
     </span>
     <span class='ocr_line' id='line_1_22' title="bbox 138 3730 1362 3815; baseline 0.002 -18"><span class='ocrx_word' id='word_1_173' title='bbox 138 3731 181 3797; x_wconf 89' lang='grc' dir='ltr'><strong>Μ.</strong></span> <span class='ocrx_word' id='word_1_174' title='bbox 197 3732 355 3815; x_wconf 82' lang='lat' dir='ltr'><strong>Hortalus,</strong></span> <span class='ocrx_word' id='word_1_175' title='bbox 379 3752 452 3798; x_wconf 91' lang='lat' dir='ltr'><strong>curn</strong></span> <span class='ocrx_word' id='word_1_176' title='bbox 474 3739 506 3798; x_wconf 90' lang='lat' dir='ltr'><strong>et</strong></span> <span class='ocrx_word' id='word_1_177' title='bbox 527 3754 655 3799; x_wconf 91' lang='lat' dir='ltr'><strong>carmen</strong></span> <span class='ocrx_word' id='word_1_178' title='bbox 671 3732 818 3798; x_wconf 80' lang='lat' dir='ltr'><strong>Caesaris</strong></span> <span class='ocrx_word' id='word_1_179' title='bbox 841 3738 874 3796; x_wconf 88' lang='lat' dir='ltr'><strong>ct</strong></span> <span class='ocrx_word' id='word_1_180' title='bbox 895 3730 1019 3797; x_wconf 87' lang='lat' dir='ltr'><strong>scholia</strong></span> <span class='ocrx_word' id='word_1_181' title='bbox 1040 3739 1199 3798; x_wconf 88' lang='lat' dir='ltr'><strong>tractaret.</strong></span> <span class='ocrx_word' id='word_1_182' title='bbox 1208 3734 1229 3808; x_wconf 88' lang='lat'><strong>¹)</strong></span> <span class='ocrx_word' id='word_1_183' title='bbox 1266 3734 1362 3800; x_wconf 89' lang='lat' dir='ltr'><strong>Prae·</strong></span> 
     </span>
     <span class='ocr_line' id='line_1_23' title="bbox 136 3828 1363 3916; baseline -0.004 -18"><span class='ocrx_word' id='word_1_184' title='bbox 136 3833 203 3901; x_wconf 84' lang='lat' dir='ltr'><strong>fixa</strong></span> <span class='ocrx_word' id='word_1_185' title='bbox 225 3833 307 3900; x_wconf 84' lang='lat' dir='ltr'><strong>haec</strong></span> <span class='ocrx_word' id='word_1_186' title='bbox 329 3841 402 3900; x_wconf 89' lang='lat' dir='ltr'><strong>sunt</strong></span> <span class='ocrx_word' id='word_1_187' title='bbox 424 3835 572 3900; x_wconf 90' lang='lat' dir='ltr'><strong>carmini:</strong></span> <span class='ocrx_word' id='word_1_188' title='bbox 599 3837 629 3910; x_wconf 88' lang='lat'><strong>1)</strong></span> <span class='ocrx_word' id='word_1_189' title='bbox 651 3834 719 3899; x_wconf 82' lang='lat' dir='ltr'><strong>Fol.</strong></span> <span class='ocrx_word' id='word_1_190' title='bbox 744 3837 777 3894; x_wconf 71' lang='lat'><strong>2²</strong></span> <span class='ocrx_word' id='word_1_191' title='bbox 804 3828 890 3894; x_wconf 70' lang='lat' dir='ltr'><strong>Alta</strong></span> <span class='ocrx_word' id='word_1_192' title='bbox 914 3830 1096 3916; x_wconf 71' lang='lat' dir='ltr'><strong>descriptae</strong></span> <span class='ocrx_word' id='word_1_193' title='bbox 1113 3831 1363 3916; x_wconf 73' lang='lat' dir='ltr'><strong>praefationis.</strong></span> 
     </span>
    </p>
   </div>
   <div class='ocr_carea' id='block_1_4' title="bbox 137 3922 1488 4019">
    <p class='ocr_par' dir='ltr' id='par_1_4' title="bbox 137 3922 1488 4019">
     <span class='ocr_line' id='line_1_24' title="bbox 137 3922 1488 4019; baseline 0.001 -16"><span class='ocrx_word' id='word_1_194' title='bbox 137 3935 287 4003; x_wconf 78' lang='lat' dir='ltr'><strong>Continet</strong></span> <span class='ocrx_word' id='word_1_195' title='bbox 301 3938 457 4002; x_wconf 89' lang='lat' dir='ltr'><strong>alternam</strong></span> <span class='ocrx_word' id='word_1_196' title='bbox 473 3936 613 4002; x_wconf 91' lang='lat' dir='ltr'><strong>siderum</strong></span> <span class='ocrx_word' id='word_1_197' title='bbox 629 3936 829 4019; x_wconf 89' lang='lat' dir='ltr'><strong>positionem.</strong></span> <span class='ocrx_word' id='word_1_198' title='bbox 864 3932 936 4011; x_wconf 82' lang='lat' dir='ltr'><strong>Qua</strong></span> <span class='ocrx_word' id='word_1_199' title='bbox 957 3935 1011 3999; x_wconf 91' lang='lat' dir='ltr'><strong>fol.</strong></span> <span class='ocrx_word' id='word_1_200' title='bbox 1028 3938 1061 3999; x_wconf 69' lang='lat'><strong>3⁸</strong></span> <span class='ocrx_word' id='word_1_201' title='bbox 1082 3936 1230 4001; x_wconf 88' lang='lat' dir='ltr'><strong>absoluta</strong></span> <span class='ocrx_word' id='word_1_202' title='bbox 1251 3936 1362 4003; x_wconf 83' lang='lat' dir='ltr'><strong>Erato-</strong></span> <span class='ocrx_word' id='word_1_203' title='bbox 1482 3922 1488 3933; x_wconf 76' lang='grc'><em>’</em></span> 
     </span>
    </p>
   </div>
   <div class='ocr_carea' id='block_1_5' title="bbox 137 4163 1362 4409">
    <p class='ocr_par' dir='ltr' id='par_1_5' title="bbox 137 4163 1362 4409">
     <span class='ocr_line' id='line_1_25' title="bbox 227 4163 1360 4240; baseline -0.002 -14"><span class='ocrx_word' id='word_1_204' title='bbox 227 4172 245 4237; x_wconf 89' lang='lat'><strong>¹)</strong></span> <span class='ocrx_word' id='word_1_205' title='bbox 264 4170 304 4226; x_wconf 83' lang='lat' dir='ltr'><strong>Of.</strong></span> <span class='ocrx_word' id='word_1_206' title='bbox 323 4169 455 4240; x_wconf 83' lang='lat' dir='ltr'><strong>Breysigii</strong></span> <span class='ocrx_word' id='word_1_207' title='bbox 471 4163 526 4223; x_wconf 81' lang='lat' dir='ltr'><strong>‘De</strong></span> <span class='ocrx_word' id='word_1_208' title='bbox 544 4169 575 4224; x_wconf 93' lang='lat' dir='ltr'><strong>P.</strong></span> <span class='ocrx_word' id='word_1_209' title='bbox 588 4169 688 4237; x_wconf 85' lang='lat' dir='ltr'><strong>Nigidii</strong></span> <span class='ocrx_word' id='word_1_210' title='bbox 705 4169 794 4239; x_wconf 82' lang='lat' dir='ltr'><strong>Figuli</strong></span> <span class='ocrx_word' id='word_1_211' title='bbox 820 4168 977 4236; x_wconf 82' lang='lat' dir='ltr'><strong>fragmentis</strong></span> <span class='ocrx_word' id='word_1_212' title='bbox 1003 4170 1075 4236; x_wconf 91' lang='lat' dir='ltr'><strong>apud</strong></span> <span class='ocrx_word' id='word_1_213' title='bbox 1102 4169 1275 4224; x_wconf 81' lang='lat' dir='ltr'><strong>scholiastam</strong></span> <span class='ocrx_word' id='word_1_214' title='bbox 1294 4170 1360 4224; x_wconf 82' lang='lat' dir='ltr'><strong>Ger-</strong></span> 
     </span>
     <span class='ocr_line' id='line_1_26' title="bbox 139 4249 1362 4325; baseline -0.001 -16"><span class='ocrx_word' id='word_1_215' title='bbox 139 4256 239 4309; x_wconf 87' lang='lat' dir='ltr'><strong>manioi</strong></span> <span class='ocrx_word' id='word_1_216' title='bbox 256 4249 382 4310; x_wconf 87' lang='lat' dir='ltr'><strong>servatis&#39;</strong></span> <span class='ocrx_word' id='word_1_217' title='bbox 400 4254 466 4310; x_wconf 89' lang='lat' dir='ltr'><strong>diss.</strong></span> <span class='ocrx_word' id='word_1_218' title='bbox 485 4258 541 4322; x_wconf 88' lang='lat' dir='ltr'><strong>p.6</strong></span> <span class='ocrx_word' id='word_1_219' title='bbox 558 4258 587 4309; x_wconf 90' lang='lat' dir='ltr'><strong>et</strong></span> <span class='ocrx_word' id='word_1_220' title='bbox 609 4253 733 4309; x_wconf 90' lang='lat' dir='ltr'><strong>editionis</strong></span> <span class='ocrx_word' id='word_1_221' title='bbox 751 4254 945 4309; x_wconf 84' lang='lat' dir='ltr'><strong>Germaniceae</strong></span> <span class='ocrx_word' id='word_1_222' title='bbox 966 4253 1160 4323; x_wconf 88' lang='lat' dir='ltr'><strong>praefationem</strong></span> <span class='ocrx_word' id='word_1_223' title='bbox 1178 4271 1205 4324; x_wconf 91' lang='lat' dir='ltr'><strong>p.</strong></span> <span class='ocrx_word' id='word_1_224' title='bbox 1219 4254 1362 4325; x_wconf 86' lang='lat' dir='ltr'><strong>Xlllsqq.‚</strong></span> 
     </span>
     <span class='ocr_line' id='line_1_27' title="bbox 137 4339 1057 4409; baseline 0.001 -16"><span class='ocrx_word' id='word_1_225' title='bbox 137 4339 251 4409; x_wconf 88' lang='lat' dir='ltr'><strong>denique</strong></span> <span class='ocrx_word' id='word_1_226' title='bbox 268 4339 463 4409; x_wconf 78' lang='lat' dir='ltr'><strong>Eyssenhardt.</strong></span> <span class='ocrx_word' id='word_1_227' title='bbox 500 4339 628 4394; x_wconf 83' lang='lat' dir='ltr'><strong>Martian.</strong></span> <span class='ocrx_word' id='word_1_228' title='bbox 648 4339 751 4409; x_wconf 84' lang='lat' dir='ltr'><strong>Capell</strong></span> <span class='ocrx_word' id='word_1_229' title='bbox 770 4341 855 4407; x_wconf 90' lang='lat' dir='ltr'><strong>praef.</strong></span> <span class='ocrx_word' id='word_1_230' title='bbox 874 4357 901 4408; x_wconf 91' lang='lat' dir='ltr'><strong>p.</strong></span> <span class='ocrx_word' id='word_1_231' title='bbox 915 4339 1057 4408; x_wconf 86' lang='lat' dir='ltr'><strong>LXIlsqq.</strong></span> 
     </span>
    </p>
   </div>
   <div class='ocr_carea' id='block_1_6' title="bbox 0 0 1592 5160">
    <p class='ocr_par' dir='ltr' id='par_1_6' title="bbox 0 0 1592 5160">
     <span class='ocr_line' id='line_1_28' title="bbox 0 0 1592 5160; baseline 0 0"><span class='ocrx_word' id='word_1_232' title='bbox 0 0 1592 5160; x_wconf 95' lang='lat' dir='ltr'><strong> </strong></span> 
     </span>
    </p>
   </div>
  </div>
 </body>
</html>
