3174 5160
487 366 521 418 Π.
542 366 593 419 DE
612 366 728 420 ARATl
747 368 879 422 CODIOE
897 368 1140 424 HIPPARCHEO.
1390 370 1429 430 71

205 545 260 605 est.
308 537 358 604 Ob
381 544 573 605 vetustatem
595 541 770 607 testimonii
792 541 963 608 lectionem
978 542 1218 626 Hipparcheam
1240 550 1434 627 anteponen-

203 642 275 706 dam
300 639 455 707 ducimus.

287 743 325 807 V.
350 743 408 805 281
444 742 541 808 fidem
572 743 776 827 Hipparchus
809 744 901 810 addit
934 746 1088 811 Marciani
1123 748 1231 811 manui
1263 748 1434 813 recentiori

203 846 312 928 alteri,
347 862 431 927 quae
460 850 492 908 et
519 847 686 929 «πτέρυγι»
714 868 735 911 a
763 847 895 911 librario
917 848 1179 930 praetermissum
1209 850 1372 931 supplevit
1403 856 1435 915 et

202 947 478 1032 «παρακέκληται»
501 947 647 1013 itacismo
671 948 883 1014 deformatum
907 948 1101 1015 emendavit.

287 1048 407 1113 Versus
423 1051 602 1132 481-496,
626 1070 667 1114 ex
691 1051 806 1132 quibus
828 1051 997 1116 nonnullos
1019 1049 1223 1132 Hipparchus
1246 1051 1435 1134 adsumpsit,

203 1152 234 1216 in
256 1151 487 1216 recentissimis
508 1150 673 1218 codicibus
695 1153 825 1218 novicio
841 1152 974 1218 Maximi
991 1151 1145 1217 Planudis
1168 1153 1434 1235 interpolamento

202 1251 255 1332 (de
287 1273 351 1336 quo
381 1253 420 1318 cf.
443 1253 551 1317 Herm.
567 1254 648 1318 XIX
670 1274 701 1337 p.
718 1256 771 1330 96)
801 1255 928 1336 expulsi
961 1254 1134 1336 perierunt.
1184 1253 1329 1336 Adparet
1356 1255 1434 1338 Hip-

203 1354 314 1437 parchi
337 1373 446 1436 opera,
470 1355 502 1419 in
524 1356 756 1437 antiquissimis
779 1354 869 1421 libris
892 1355 966 1421 illos
988 1374 1103 1438 reapse
1127 1355 1298 1421 exstitisse.

788 1559 857 1623 VII.

287 1678 303 1743 I
324 1678 474 1761 p.18313
498 1676 587 1741 δοκεῖ
610 1673 646 1739 δέ
660 1699 720 1758 μοι
741 1678 797 1741 καὶ
820 1677 985 1759 περὶτῶν
1009 1673 1042 1740 ἒν
1065 1654 1140 1752 ταῖς
1159 1678 1253 1759 χερσὶ
1270 1668 1435 1761 τοῦὈφι-

204 1777 301 1859 ούχοο
325 1772 474 1864 ἀστέρων
495 1775 572 1863 (roi)
592 1775 731 1843 κατὰτὸ
754 1781 899 1863 μέγεθος
923 1772 1030 1844 αὐτῶν
1054 1770 1201 1862 ἆγνοεῑν·
1223 1774 1301 1854 τοὺς
1322 1775 1384 1863 γὰρ
1403 1775 1436 1841 ἐν

202 1893 273 1957 τοῖς
303 1874 408 1962 ὤμοις
436 1881 496 1944 τοῦ
521 1872 700 1964 Ὀφιούχου
729 1880 842 1967 φήσας
871 1878 1045 1965 λαμπροὺς
1072 1875 1173 1957 εἶναι,
1204 1871 1290 1943 ὥστε
1317 1882 1373 1944 καὶ
1403 1877 1436 1944 έν

204 1980 419 2068 πολοσελήνφ
443 1970 484 2047 δν
506 1986 729 2065 θεωρεῖσθαι,
753 1980 909 2069 ἐπιφέρει
932 1986 974 2062 (v.
992 1985 1145 2058 79—80)·

168 2099 181 2148 t
735 2077 820 2169 ἇτδρ
841 2089 935 2168 χέρες
958 2077 995 2149 οὗ
1018 2077 1109 2166 μα’λα
1132 2077 1205 2146 ἶσαι

407 2183 546 2272 flant
567 2183 630 2271 γὰρ
653 2187 694 2272 τῇ
715 2187 771 2250 καὶ
794 2187 836 2272 τῇ
859 2184 1076 2271 ἐπιδέδρομεν
1101 2183 1207 2269 α’ίγλνγ.

202 2280 276 2353 ἀλλ’
304 2287 337 2353 οἱ
360 2285 394 2352 ἐν
416 2301 491 2365 ταῖς
511 2290 605 2375 χερσὶ
633 2289 693 2352 τοῦ
711 2280 891 2372 Όφιούχοο
919 2280 1054 2371 ἀστέρες
1082 2291 1190 2352 κοινοί
1212 2283 1278 2350 εἰσι
1300 2287 1354 2350 καὶ
1377 2288 1437 2350 τοῦ

195 2384 339 2477 Ὄφεως,
359 2387 519 2475 καθάπερ
540 2390 598 2454 καὶ
621 2381 720 2466 αὐτὸς
743 2384 760 2456 δ
784 2383 924 2474 Ἄρατος
947 2389 1033 2473 λέγει
1056 2391 1098 2462 (v.
1115 2391 1185 2466 82)·

409 2485 600 2579 ἀμφότεραι
624 2483 657 2554 δ’
675 2485 797 2577 Ὄφιος
820 2496 1054 2556 memoraturus.

290 2645 306 2695 2
325 2641 407 2710 suppl
424 2641 481 2696 Wil
500 2641 510 2710 ΙΙ
527 2635 616 2698 αὐτοῦ
629 2641 651 2693 h
665 2643 674 2708 ΙΙ
688 2645 704 2694 4
716 2636 754 2698 δν
772 2641 850 2697 emh
865 2644 901 2709 115
914 2635 999 2713 γέρρ’
1012 2643 1044 2706 L,
1060 2651 1156 2714 χεῖρες
1167 2641 1325 2695 Marcianus
1337 2641 1347 2708 ΙΙ
1360 2636 1438 2709 μάλα

202 2724 265 2784 ἴσαι
282 2725 342 2792 (sic)
359 2726 398 2781 V:
416 2719 486 2795 μάλ’
505 2721 579 2782 έισαι
590 2726 614 2779 L
627 2728 665 2794 lth
683 2720 741 2797 γὰρ
759 2729 794 2796 τῇ
810 2729 860 2782 καὶ
877 2731 912 2797 τῇ
928 2717 1114 2798 ἐπιδέδρομεν
1129 2726 1168 2778 L:
1187 2720 1245 2797 γὰρ
1263 2728 1311 2780 καὶ
1329 2727 1365 2795 τῇ
1381 2722 1439 2789 έξε-

203 2802 411 2884 πιδέδρομενέ
424 2813 433 2876 ΙΙ
446 2815 461 2864 8
476 2804 492 2866 ὃ
507 2804 594 2876 αὐτὸς
612 2807 760 2884 ἌρατοςΙι
773 2813 783 2879 ΙΙ
796 2816 811 2864 9
825 2804 989 2884 ἀμφότεραι
1002 2811 1171 2865 Marcianus:
1185 2809 1284 2866 -0tLv
1297 2810 1306 2877 ΙΙ
1321 2803 1438 2878 δ’φιοςΙι

202 2896 379 2952 Marcianus:
399 2891 496 2965 ὄφεως
512 2894 538 2947 V
550 2897 559 2964 ΙΙ
573 2896 763 2952 πεπονείαται
781 2900 811 2948 ut
829 2894 963 2950 Marciani
982 2900 1072 2950 textus
1092 2900 1119 2949 et
1136 2894 1241 2949 lemma.
1372 2886 1381 2905 ⁸

293 3083 392 3150 Edidi
414 3108 445 3153 v.
463 3089 503 3150 79
527 3084 631 3167 «μάλα
657 3080 743 3149 ἶσαι»
765 3085 958 3151 Vaticanum
981 3084 1160 3168 Hipparchi
1189 3091 1332 3166 secutus,
1363 3104 1439 3166 quo·

202 3190 294 3255 niam
308 3188 499 3253 auctoritate
514 3187 670 3253 Marciani
686 3177 794 3268 (<<μάλ’
821 3181 918 3262 ἶσαι»)
936 3186 1018 3251 haec
1033 3187 1190 3268 scriptura
1205 3185 1439 3268 quadamtenus

204 3289 399 3357 defenditur.
512 3329 514 3333 >

279 3392 332 3456 V.
349 3393 388 3455 80
411 3390 495 3456 adeo
518 3390 713 3473 depravatus
736 3389 872 3456 traditur
898 3389 930 3454 in
953 3395 1088 3472 utroque
1111 3389 1233 3472 codice,
1256 3395 1291 3454 ut
1312 3388 1442 3454 medela

203 3513 287 3577 opus
319 3512 390 3560 esse
417 3511 571 3559 concessa
598 3512 650 3558 res
680 3493 729 3559 sit.
775 3492 920 3573 (tumque
942 3492 1123 3557 Marcianus
1147 3491 1238 3556 Arati
1261 3490 1441 3575 Hipparchi

203 3595 292 3660 libro
313 3593 531 3660 Laurentiano
554 3593 616 3660 hac
638 3596 672 3660 in
694 3615 729 3661 re
751 3614 880 3677 prorsus
903 3592 1117 3677 adstipuletur
1144 3598 1176 3658 et
1198 3595 1231 3657 in
1253 3598 1343 3658 textu
1366 3592 1441 3667 (nisi

205 3694 296 3778 quod
330 3695 399 3780 «τῇ»
436 3696 525 3779 prius
559 3696 641 3761 inter
673 3696 777 3762 lineas
812 3696 970 3771 exaravit)
1006 3701 1038 3760 et
1072 3696 1104 3760 in
1138 3696 1290 3759 lemmate
1325 3691 1441 3759 scholii

204 3792 340 3881 (δεππὴ
368 3792 432 3880 γὰρ
460 3797 501 3882 τῇ
522 3798 579 3862 καὶ
600 3797 684 3882 apia),
715 3798 818 3880 magis
848 3797 944 3861 etiam
974 3797 1156 3879 quaerimus
1185 3801 1257 3861 utra
1284 3795 1443 3878 scriptura

204 3900 280 3984 plus
308 3899 351 3964 ad
381 3900 487 3966 locum
517 3898 752 3964 emendandum
780 3899 933 3963 momenti
963 3900 1114 3964 conferat.
1160 3897 1350 3962 Rectissime
1379 3896 1442 3961 iam

206 4000 341 4068 Vossius
371 4000 554 4083 exemplum
583 4000 790 4066 Homericum
814 3998 874 4065 Od.
896 3999 940 4063 v1
964 4004 1004 4063 45
1035 3995 1129 4085 λευκὴ
1160 3994 1193 4061 δ’
1225 3994 1442 4082 ἐπιδέδρομεν

208 4099 307 4187 αἴγλη
331 4108 363 4167 et
377 4102 543 4185 Apollonii
558 4102 634 4184 Arg.
650 4102 683 4167 II
706 4097 828 4166 λεπτὸν
853 4092 884 4163 δ’
904 4096 1103 4184 ἐπιδέδρομε
1120 4100 1208 4165 νυκτὶ
1232 4101 1363 4184 φέγγος,
1386 4090 1438 4164 ὅτ’

209 4194 399 4289 ἀμφιλύκην
421 4226 479 4283 μιν
501 4194 715 4288 ἀνεγρόμενοι
736 4202 910 4268 καλέουσιν
926 4204 1136 4286 comparavit,
1159 4207 1195 4267 ut
1216 4197 1443 4286 «έξεπιδέδρο-

207 4327 284 4386 μεν»
312 4305 465 4372 incertius
494 4307 598 4372 altera
626 4306 683 4371 illa
711 4305 850 4372 lectione
873 4325 944 4373 esse
974 4311 1086 4388 aperta
1108 4305 1287 4370 imitatione
1309 4304 1443 4370 Homeri
