3166 5166
267 367 289 421 I.
309 367 359 421 DE
378 367 539 421 ACHILLE
557 366 804 421 GRAMMATICO
823 366 938 420 ARATI
954 366 1203 423 INTERPRETE.
1318 370 1357 428 15

121 531 239 607 menis'
266 547 376 606 auctor
400 548 448 607 est
465 540 661 624 peridoneus
682 559 714 622 p.
731 538 809 605 340
832 539 973 604 Patavii:
997 531 1080 603 ὅθεν
1102 538 1144 604 τὰ
1159 535 1249 608 'lora
1272 544 1357 627 πρό-

121 665 217 724 τερον
233 641 293 724 μὲν
308 635 405 727 ἤγετο
427 639 512 705 κατὰ
534 639 595 716 τὰς
615 636 806 724 χειμερινὰς
821 637 959 722 τροπάς,
984 635 1029 716 ὡς
1044 643 1098 706 καὶ
1113 635 1358 733 Ἐρατοσθένης

122 742 156 808 ἐν
178 745 227 828 uqi
247 738 340 824 ‘napi
361 745 420 827 τῆς
439 734 702 829 Ὀκταετηρίόος’
728 737 943 828 ὑπομνήματι
965 738 1173 828 μνημονεύει.
1213 749 1357 815 Titulum

122 867 164 912 ex
197 866 366 930 perperam
396 846 559 911 intellecto
588 846 725 911 Achillis
758 846 831 910 loco
859 847 976 910 mutari
1009 848 1102 911 iussit
1130 848 1297 916 Fabricius
1324 852 1358 916 in

117 940 520 1032 Ὀκτωκαιόεκαετηρίὸας,
537 949 736 1031 suppositum
754 946 959 1012 Eratostheni
974 948 1064 1013 illum
1081 950 1181 1016 fuisse
1197 970 1357 1017 commen-

121 1053 237 1116 tarium
260 1049 489 1131 Bernhardyus
512 1041 834 1115 in‘Eratosthenicis'
860 1068 891 1131 p.
909 1051 971 1112 262
994 1052 1141 1131 opinatus
1165 1059 1223 1133 est,
1245 1055 1358 1119 imme-

120 1153 183 1217 rito
199 1159 343 1233 uterque.
382 1152 506 1217 Probae
523 1152 698 1215 memoriae
714 1151 859 1216 subsidio
882 1145 999 1216 rectius
1016 1171 1111 1234 quam
1128 1155 1226 1218 ceteri
1249 1156 1356 1220 simul·

120 1261 218 1335 atque
239 1253 378 1318 Achillis
401 1260 524 1318 textum
538 1253 785 1347 constituimus,
809 1255 910 1318 omnis
940 1255 993 1318 vel
1022 1274 1039 1318 e
1063 1254 1200 1321 Gemino
1230 1257 1358 1322 sublata

120 1364 171 1420 est
193 1353 377 1420 offendendi
395 1357 485 1436 origo
501 1362 598 1438 atque
620 1356 767 1431 toenitae,
791 1356 981 1437 scripsitque
1005 1376 1118 1438 reapse
1137 1350 1193 1422 ‘de
1210 1356 1356 1424 Octaete·

119 1447 204 1521 ride'
231 1457 301 1521 sive
323 1458 364 1522 de
388 1457 581 1523 Calendario
597 1454 826 1521 Eratosthenes
836 1458 879 1532 ¹³).
918 1458 1006 1522 Libri
1029 1460 1166 1525 Eudoxo
1188 1479 1210 1524 a
1232 1479 1356 1526 summo

120 1559 231 1624 critico
250 1559 372 1642 dempti
391 1560 432 1624 de
450 1579 533 1624 anno
549 1559 656 1636 solari,
676 1557 707 1622 h.
721 1577 748 1622 e.
765 1558 806 1621 de
819 1558 1021 1641 Calendario,
1040 1567 1261 1643 argumentum
1278 1569 1357 1644 erat,

119 1681 181 1726 nec
210 1661 336 1725 titulum
366 1663 560 1744 ignoramus.
604 1661 688 1724 Nam
716 1659 802 1742 quod
826 1659 948 1725 Critoni
970 1661 1094 1742 Naxio,
1123 1664 1198 1727 aevi
1226 1665 1356 1729 alexan·

121 1762 206 1828 drini
236 1762 388 1829 historico
418 1764 589 1846 eidemque
619 1768 818 1842 astronomo,
840 1755 1050 1828 ‘Octaeterin’
1077 1764 1206 1828 Eudoxi
1228 1765 1357 1831 criticus

119 1867 271 1948 antiquus
294 1867 402 1931 nescio
426 1868 497 1948 quis
513 1865 699 1947 adsignavit
707 1865 749 1946 14),
773 1871 861 1929 arcto
877 1863 957 1930 haec
979 1885 1030 1930 res
1046 1867 1174 1931 vinculo
1198 1886 1268 1930 cum
1285 1886 1356 1948 pro·

118 1967 225 2049 posita
248 1968 437 2050 quaestione
466 1968 693 2048 conligatur¹⁵).
739 1967 803 2030 Res
827 1966 868 2030 de
888 1959 1121 2032 ‘Octaeteride'
1149 1974 1212 2050 est,
1243 1988 1356 2050 perve-

119 2075 204 2133 tusto
234 2068 374 2150 quodam
406 2076 438 2133 et
465 2089 627 2152 anonymo
651 2067 860 2149 Calendario,
890 2088 985 2150 quem
1015 2076 1105 2134 erant
1134 2070 1189 2151 qui
1219 2069 1355 2136 Eudoxo

119 2169 317 2235 addicerent.
366 2169 489 2248 Quibus
519 2171 643 2236 obstitit
665 2169 911 2252 Eratosthenes,
941 2190 1013 2235 cum
1042 2171 1142 2236 fastos
1172 2172 1243 2253 ipse
1270 2192 1356 2237 com-

118 2278 265 2354 poneret,
288 2292 348 2338 uec
373 2273 533 2338 octennali
559 2273 684 2336 ratione
699 2291 810 2337 verum
827 2272 1051 2354 quadriennali
1071 2291 1163 2336 usum
1180 2293 1250 2338 esse
1266 2274 1357 2339 illum

119 2374 299 2440 contendit:
323 2394 387 2456 qua
409 2375 450 2441 de
474 2394 508 2440 re
531 2375 655 2439 Plinius
677 2374 717 2438 N.
734 2374 773 2438 H.
791 2374 889 2456 1148,
908 2378 967 2440 130
989 2367 1035 2439 ‘et
1057 2366 1226 2440 imbribus‘
1253 2376 1359 2458 inquit

210 2541 239 2598 ¹³)
258 2541 377 2594 Possunt
396 2542 429 2595 de
447 2540 639 2594 Eratosthenis
653 2535 840 2594 <Calendario'
858 2542 950 2605 gravia
969 2541 1116 2595 coniectari
1134 2541 1278 2608 nonnulla,
1303 2543 1355 2596 hoc

120 2633 212 2680 tamen
230 2627 292 2680 loco
311 2625 408 2679 aliena.

209 2713 240 2776 ¹⁴)
259 2711 356 2765 Suidas
375 2727 397 2764 s.
410 2729 435 2765 v.
456 2711 580 2781 Κρίτων,
600 2710 742 2763 Susemihl.
761 2729 787 2779 p.
803 2715 860 2765 733.

210 2799 240 2862 ¹⁵)
257 2796 384 2864 vulgaris
404 2799 490 2850 altero
506 2811 531 2849 a.
545 2795 608 2848 Chr.
622 2796 730 2849 saeculo
748 2795 855 2849 ferebat
867 2796 958 2863 opinio
971 2795 1094 2850 relictum
1113 2797 1147 2848 ab
1161 2795 1277 2850 Eudoxo
1295 2811 1355 2850 esse

121 2883 155 2934 ds
176 2882 347 2936 Octaeteride
370 2881 477 2945 librum,
496 2881 529 2934 de
548 2895 601 2948 qua
618 2882 647 2934 in
665 2880 775 2933 Eudoxi
793 2881 848 2933 vita
869 2880 1015 2934 Laertiana
1032 2881 1099 2933 haec
1118 2880 1221 2933 rettulit
1234 2880 1309 2934 Sotio
1327 2881 1354 2934 in

117 2959 366 3020 ‘successionibus'
385 2966 450 3019 Vlll
469 2970 565 3034 disq:
593 2965 786 3037 ..τέτταρας
811 2969 903 3037 μῆνας
926 2962 1001 3034 πρὸς
1024 2963 1146 3036 ἐνιαυτῷ
1171 2959 1355 3037 διατρίψαντ’

104 3043 227 3107 ἀὐτόθι
238 3050 320 3118 (apud
340 3052 496 3105 sacerdotes
507 3049 654 3119 Aegyptios
671 3049 826 3114 Eudoxum)
844 3046 1004 3123 ξυρόμενόν
1021 3045 1053 3106 θ’
1071 3044 1179 3120 ὑπήνην
1196 3054 1244 3105 καὶ
1264 3043 1356 3122 ὀφρὺν

120 3128 418 3209 τὴν“οκταετηρίδα’
442 3136 516 3193 κατεῖ
541 3156 620 3200 τινας
645 3129 817 3207 συγγράψαι.
854 3135 923 3201 Quid
947 3138 983 3189 sit
1001 3135 1168 3200 Octadteris,
1192 3135 1356 3189 Censorinus

121 3221 211 3289 aperit
224 3214 277 3274 ‘De
296 3221 338 3274 die
356 3214 455 3275 natali’
471 3225 512 3283 18,
526 3225 542 3273 4
554 3226 588 3289 (p.
604 3224 635 3274 37
648 3219 798 3284 Hultsch.):
817 3220 890 3274 «Hoc
903 3230 1009 3288 quoque
1020 3225 1128 3286 tempus
1142 3220 1356 3287 (quadriennium

122 3305 309 3374 olympicum),
333 3306 405 3373 quod
429 3306 462 3359 ad
488 3305 553 3358 solis
577 3305 655 3359 modo
675 3319 783 3358 cursum
808 3320 858 3358 nec
882 3305 917 3358 ad
935 3307 1016 3358 lunae
1038 3319 1187 3369 congruere
1205 3303 1355 3369 videbatur,

121 3389 289 3459 duplicatum
308 3397 350 3444 est
367 3393 395 3444 et
413 3390 557 3444 octabteris
575 3391 657 3455 facta,
676 3405 746 3458 quae
763 3395 820 3442 tum
838 3390 1007 3444 ennea‘e'teris
1025 3389 1152 3454 vocitata,
1172 3389 1236 3457 quia
1254 3388 1357 3457 primus

121 3474 179 3528 eius
197 3490 285 3529 annus
304 3491 376 3529 nono
395 3490 502 3544 quoque
520 3491 591 3529 anno
611 3474 725 3528 redibat.
757 3474 839 3528 Hunc
857 3475 999 3529 circuitum
1012 3490 1073 3528 vere
1087 3469 1201 3527 ‘annum
1219 3467 1356 3542 magnum'

123 3574 182 3612 esse
200 3559 328 3627 pleraque
342 3559 458 3613 Graecia
476 3559 646 3623 existimavit,
666 3559 736 3626 quod
749 3575 783 3614 ex
801 3559 879 3613 annis
897 3561 1064 3614 vertentibus
1084 3558 1176 3613 solidis
1195 3564 1356 3613 constaret.»

122 3645 247 3698 Ceterum
272 3645 403 3699 Dositheo
426 3660 532 3713 quoque
556 3644 748 3698 mathematico
773 3651 850 3698 erant
874 3646 920 3714 qui
940 3638 1126 3699 ‘Octaeterin'
1150 3643 1356 3697 Pseudoeudoxi

122 3729 302 3784 attribuerent
314 3729 489 3794 (Censorinus
509 3733 549 3794 18,
563 3736 593 3795 ὃς
612 3728 793 3784 Wachsmuth
807 3725 1016 3805 ‘Prolegomena
1033 3731 1061 3783 in
1075 3730 1235 3784 calendaria
1247 3722 1356 3796 gracca'

120 3813 149 3866 in
167 3813 285 3868 editione
302 3815 360 3869 loh.
380 3814 462 3869 Laur.
482 3814 552 3884 Lydi
568 3811 620 3867 ‘De
638 3808 765 3869 ostentis'
784 3832 810 3882 p.
823 3815 891 3879 LV).
928 3815 1082 3868 Boeckhius
1102 3809 1205 3868 ‘Ueber
1227 3815 1270 3867 die
1287 3815 1355 3866 vier-

117 3899 243 3966 jbhrigen
257 3900 456 3954 Sonnenkreise
473 3901 522 3954 der
534 3893 627 3954 Alten’
641 3901 742 3965 (Berlin
757 3903 833 3965 1863)
846 3918 871 3969 p.
887 3904 919 3952 29
939 3906 1018 3964 errat,
1039 3917 1099 3953 cum
1118 3900 1196 3952 dicit:
1211 3895 1287 3952 ‘Scin
1300 3899 1356 3962 (des

121 3983 280 4050 Dositheus)
299 3984 465 4053 Parapegma
483 3985 547 4054 hing
565 3986 636 4039 ohne
653 3984 764 4039 Zweifel
781 3987 829 4037 mit
848 3986 936 4039 seiner
955 3985 1109 4039 Oktaeteris
1127 3999 1294 4048 zusammen,
1314 3984 1357 4036 die

122 4067 252 4122 Censorin
270 4069 318 4122 mit
335 4069 387 4123 den
404 4069 537 4123 nnklaren
548 4072 578 4136 (l)
592 4071 707 4125 Worten
725 4070 844 4124 einft'rhrt
862 4070 1032 4134 «Dosithens,
1051 4072 1129 4123 cuius
1147 4069 1264 4122 maxime
1281 4073 1355 4123 octa-

121 4153 201 4207 dteris
212 4154 322 4208 Eudoxi
339 4155 518 4221 inscribitur»,
537 4171 644 4209 uorsus
659 4172 693 4208 au
711 4156 801 4223 fulgen
820 4156 934 4228 schqint,
953 4156 1015 4209 dass
1034 4170 1063 4208 er
1082 4155 1141 4208 sich
1160 4155 1237 4208 darin
1256 4154 1355 4222 haupt·

120 4238 244 4292 stchlich
262 4254 297 4291 an
311 4239 353 4293 die
365 4240 541 4294 Eudoxische
560 4235 713 4296 anschloss'
732 4246 760 4294 et
777 4257 805 4308 p.
821 4245 868 4295 135
882 4240 927 4305 (cf.
941 4241 1060 4307 Scaliger
1074 4235 1128 4292 ‘De
1147 4238 1251 4293 emend.
1264 4231 1355 4306 tcmp’

120 4322 147 4376 ΙΙ
165 4339 193 4391 p.
207 4328 236 4376 71
257 4330 285 4377 et
302 4324 414 4380 Boeclrh
429 4319 497 4379 ‘Zur
515 4325 679 4380 Geschichte
697 4327 744 4380 der
762 4319 958 4394 Mondcphlon'
976 4342 1003 4393 p.
1022 4331 1068 4389 10).
