3174 5160
395 373 431 429 11.
450 373 501 427 DE
519 372 633 427 ARATI
651 372 782 428 conlcss
801 372 1042 428 HIPPARCHEO.
1285 368 1344 428 107

258 531 317 610 σῦν
339 558 412 623 τοῖς
434 538 464 611 δ’
484 540 645 633 Ὄρνιθος
667 548 787 629 πρῶτα
810 542 916 627 πτερὰ
939 549 1035 632 μέχρι
1058 537 1142 627 παρ’
1170 537 1270 631 αῦτῆν

257 639 358 736 οῦρῆν
380 651 436 714 καλ
458 653 635 730 Ποταμοῖο
658 654 843 736 παρηορίαι
867 648 1056 715 οκιύωνται.

257 747 347 816 δύνει
369 743 401 814 δ’
425 745 557 836 Ἱππείη
580 749 716 838 κεφαλή,
743 749 833 816 δύνει
855 750 890 816 δὲ
913 753 968 817 καλ
992 742 1107 835 αύχῆν1

255 845 406 918 ἀντέλλει
430 845 460 916 δ’
477 843 578 939 (Ὑδρη
601 851 662 935 μὲν
686 850 743 919 ἐπὶ
767 853 871 917 πλέον
894 847 968 938 ἀχρι
992 842 1075 936 παρ’
1104 842 1204 915 αῦτόν

258 958 431 1044 Κρητῆρα·
456 953 634 1041 φθάμενος
658 954 693 1020 δὲ
716 953 814 1020 Κύων
837 953 947 1032 πόδας
971 953 1103 1020 αἴνυται
1126 945 1247 1028 ἀλλους

259 1056 359 1123 ἕλκων
382 1054 546 1134 ἐξόπιθεν
569 1056 723 1143 πρύμναν
745 1058 961 1141 πολοτειρέος
980 1049 1130 1140 Ἀργοῦς.

255 1157 276 1246 ἢ
299 1158 336 1222 δὲ
357 1163 434 1225 θέει
455 1164 553 1247 γαίης
577 1155 670 1225 ἱστόν
694 1158 841 1242 διχόωοα
864 1152 937 1224 κατ)
965 1151 1074 1238 αὐτόν,

256 1264 437 1343 Παρθένος
458 1246 543 1348 ’ῆμος
567 1254 686 1326 ἀπαοα
708 1261 895 1345 περαιόθεν
919 1255 996 1347 ἀρτι
1017 1263 1161 1346 γένηται.

106 1366 156 1449 mg]
182 1363 220 1428 δὲ
240 1359 371 1448 Ἀράτῳ
401 1361 442 1427 τὰ
474 1355 557 1429 αῦτά
581 1366 635 1428 καὶ
659 1361 676 1430 δ
703 1360 848 1442 Εύδοξος
871 1366 972 1448 λέγει·
1001 1365 1058 1428 καὶ
1084 1360 1228 1444 μάλιστά
1251 1385 1288 1446 γε
1310 1359 1344 1426 έν.

79 1464 239 1531 ’τούτων
256 1462 403 1551 φανερός
425 1463 514 1531 ἐστιν
538 1459 719 1549 δ”Αρατος
734 1462 856 1532 ιῦοανελ
873 1463 1106 1553 παραγράφιον
1129 1461 1171 1528 τὰ
1195 1459 1260 1529 ύπδ
1285 1466 1344 1528 τοῦ

53 1581 81 1630 15
107 1561 261 1643 Εῦδόξοο
284 1565 450 1655 εἰρημένα.
488 1568 535 1635 cf.
554 1570 653 1635 Attali
676 1571 711 1635 fr.
729 1573 780 1634 25.

198 1693 262 1756 δί’
288 1707 352 1769 post
378 1711 439 1768 τοῖς
457 1702 493 1756 V:
523 1701 606 1756 omL
632 1703 786 1758 Marcianus
811 1705 820 1770 ΙΙ
844 1703 927 1774 μέχρι
954 1702 1013 1756 LV:
1044 1701 1140 1772 μέσφα
1168 1700 1322 1755 Marcianus
1334 1701 1342 1768 11

111 1791 141 1839 11)
164 1782 299 1859 πρύμναν
317 1787 365 1839 LV
385 1785 543 1841 Marcianus
566 1789 575 1855 ΙΙ
598 1793 632 1867 11Ι
649 1790 727 1845 θαίει
744 1788 900 1842 Marcianus
923 1790 932 1855 ΙΙ
955 1792 984 1842 13
1006 1781 1077 1843 tV:
1096 1801 1139 1840 om
1158 1786 1190 1840 L.

201 1961 230 2022 2.
256 1956 286 2022 11
308 1979 339 2043 p.
357 1961 465 2026 2201)
488 1963 645 2046 castigato
662 1963 762 2027 Attali
784 1982 890 2029 errore
914 1962 962 2041 (fr.
980 1963 1033 2036 25)
1055 1961 1101 2024 ita
1122 1959 1241 2025 desinit
1263 1959 1342 2041 Hip·

107 2061 267 2146 parchus:
298 2059 389 2126 δοκεῖ
410 2045 468 2126 οῦν
489 2087 548 2144 μοι
578 2063 824 2151 πεπλανῆσθαι
845 2057 863 2127 δ
881 2056 1045 2137 Ἀτταλος
1068 2051 1105 2124 οῦ
1130 2064 1265 2136 συνιείς,
1290 2049 1343 2123 ότι

107 2161 284 2239 έπιθέτως
299 2164 428 2248 λέγεται
450 2158 516 2229 ῦπδ
540 2166 600 2230 τοῦ
616 2167 758 2252 ποιητοῦ
782 2162 819 2229 τὸ
843 2163 951 2230 «ἱστόν
975 2162 1121 2244 διχόιοοο
1136 2153 1208 2226 κατ’
1229 2153 1343 2224 αὐτόν»

106 2266 166 2332 καὶ
191 2257 249 2346 οῦχ
273 2263 325 2331 δτι
342 2257 513 2331 ἀνατέλλει
531 2265 592 2343 ἕως
607 2271 710 2349 μέσον
733 2271 792 2332 τοῦ
816 2267 919 2332 ἱστοῦ.
957 2258 976 2331 ῦ
1002 2290 1034 2331 τε
1056 2264 1129 2352 ἑξῆς
1153 2261 1249 2346 λόγος
1272 2259 1340 2326 ἐστὶ

106 2371 265 2445 τοιοῦτος
287 2373 329 2448 (v.
346 2372 543 2448 603—606J·
567 2372 625 2456 τῆς
645 2374 828 2455 Παρθένον
851 2361 1032 2457 ἀρχομένης
1055 2359 1244 2432 ἀνατέλλειν
1267 2357 1284 2430 ό
1306 2388 1344 2429 τε

108 2470 212 2537 Κύων
236 2463 436 2536 ἀνατέταλκε
457 2474 512 2537 καὶ
534 2467 553 2557 ῆ
572 2469 706 2559 πρύμνα
727 2475 786 2557 τῆς
804 2464 953 2558 Ἀργοῦς.
978 2463 1057 2556 αύτὴ
1078 2474 1192 2552 μέντοι
1206 2463 1343 2554 ῆμίοεια

108 2559 197 2641 οῦοα
221 2573 284 2650 ἕως
299 2577 358 2640 τοῦ
375 2574 469 2640 ἱστοῦ
486 2566 699 2662 ἀναφέρεται,
724 2573 786 2651 ἕως
805 2563 845 2639 ἀν
860 2565 919 2661 όλη
943 2568 1159 2662 ῆΠαρθένος
1175 2564 1342 2658 ἀνατείλῃ.

199 2698 229 2760 3.
253 2697 285 2761 ΙΙ
305 2715 336 2779 p.
354 2698 415 2760 213
438 2695 465 2760 E
488 2691 538 2759 ἔτι
562 2692 597 2758 δὲ
626 2686 706 2759 αὐτὸ
731 2696 829 2759 τοῦτο
853 2697 1026 2778 (signorum
1052 2695 1143 2759 initia
1165 2696 1197 2759 in
1220 2694 1343 2760 oriente

107 2799 247 2876 versari)
277 2793 421 2882 φανερὸν
452 2809 546 2861 ποιεῖ
574 2798 630 2860 καὶ
659 2792 716 2862 ἐπὶ
745 2799 803 2885 τῆς
827 2788 968 2880 Ἀργοῦς
997 2798 1148 2873 (Aratus).
1192 2795 1251 2882 τῆς
1279 2790 1341 2879 γὰρ

108 2902 297 2984 Παρθένου
314 2891 555 2984 ἀνατελλούσης
571 2900 655 2985 φησὶ
677 2896 736 2984 τῆν
752 2897 904 2986 πρύμναν
922 2889 1023 2981 αὐτῆς
1038 2889 1229 2962 ἀνατέλλειν
1251 2887 1340 2980 όλην,

107 2998 152 3064 τὰ
176 2999 213 3064 δέ
237 2997 341 3065 λοιπά
372 2992 473 3088 αύτῆς
497 2997 559 3077 έως
581 3003 640 3066 τοῦ
670 3001 763 3066 ἱστοῦ
787 2996 991 3079 ἀνατέλλειν,
1016 2991 1096 3064 όταν
1119 2990 1179 3085 όλη
1203 2993 1221 3083 ῆ
1245 3004 1340 3076 Παρ-

73 3107 215 3179 5θένος
239 3095 405 3188 ἀνατείλῃ.
450 3100 626 3184 προειπών
648 3102 711 3188 γάρ
735 3108 777 3183 (ν.
796 3107 975 3180 596-597)

256 3198 292 3270 οῦ
314 3208 374 3286 μέν
396 3207 465 3291 θην
488 3197 620 3290 δλίγοος
642 3212 738 3292 γαίης
760 3201 827 3272 ῦπδ
852 3211 968 3271 νείατα
990 3202 1106 3287 βάλλει

255 3310 435 3393 Παρθένος
459 3299 661 3373 ἀντέλλουσα

110 3402 185 3492 μετ)
212 3402 323 3494 ὀλίγον
346 3415 450 3497 φησίν
471 3413 514 3488 (v.
531 3413 727 3485 (toa-606)-

349 3511 526 3599 φθάμενος
550 3512 585 3578 δέ
608 3510 707 3576 Κύων
730 3511 839 3587 πόδας
863 3511 995 3576 α’ίνοται
1018 3505 1137 3588 ἀλλους

64 3626 90 3675 11
255 3613 355 3680 ἕλκιον
379 3612 541 3690 έξόπιθεν
570 3613 723 3700 πρύμναν
747 3615 960 3699 πολοτειρέος
978 3606 1128 3698 Ἀργοῦς.

253 3715 272 3802 ῆ
297 3716 333 3782 δὲ
355 3720 432 3782 θέει
454 3721 550 3804 γαίης
574 3715 667 3782 ίοτδν
691 3714 837 3798 διχόωοα
859 3709 932 3782 κατ’
960 3709 1070 3794 αῦτόν,

254 3823 435 3902 Παρθένος
456 3804 541 3902 ῆμος
563 3811 681 3884 ἀπαοα
705 3820 892 3906 περαιόθεν
915 3813 992 3904 ἀρτι
1014 3824 1157 3907 γένηται.

113 3923 168 3986 καὶ
190 3915 371 3998 δΕύδοξος
394 3920 439 4000 δέ,
463 3913 490 4007 ηδ
506 3920 791 4010 κατηκολούθηκεν
815 3916 999 4006 ῦἈρατος,
1023 3919 1080 3987 τὸν
1098 3914 1340 4000 αὐτὸντρόπον

113 4017 317 4090 ἀποτίθεται
341 4021 375 4089 ἒν
389 4035 464 4100 ταῖς
476 4017 747 4100 (Σονανατολαῑξ
765 4021 826 4101 τὰς
842 4016 945 4110 ἀρχὰς
967 4027 1034 4088 τιῦν
1050 4023 1178 4109 ζῳδίων
1201 4019 1259 4085 ἐπὶ
1282 4021 1340 4103 τῆς

69 4137 93 4186 lt
114 4117 291 4213 ἀνατολῆς,
314 4118 477 4192 ὥστεκαὶ
500 4125 535 4192 έκ
556 4125 674 4192 τούτου
697 4124 841 4215 φανερόν
864 4131 1023 4213 γίνεσθαι
1045 4123 1082 4191 τὸ
1109 4130 1337 4209 προκείμενον.

201 4266 216 4313 4
236 4251 283 4317 δῖ’
296 4256 332 4318 ἀν
344 4261 367 4314 L
381 4263 418 4330 ηδ
437 4256 573 4333 ἀνατείλῃ
586 4262 620 4314 L:
640 4256 778 4333 ἀνατέλλη
791 4261 815 4315 V
827 4265 836 4331 ΙΙ
852 4267 867 4315 6
880 4257 1036 4320 ύπονείατα
1052 4260 1207 4314 Marcianus
1219 4261 1228 4325 11
1243 4264 1256 4311 7
1271 4251 1338 4315 ἀνα-

116 4345 251 4402 τέλλουσα
265 4347 289 4399 V
301 4349 311 4414 Ι
324 4351 339 4401 8
358 4350 427 4420 φησί
438 4348 463 4402 V
475 4351 485 4416 t
500 4354 530 4403 111
543 4343 697 4425 ἐξόπισθεν
711 4348 730 4397 V
745 4349 755 4416 λ
768 4352 799 4402 12
812 4342 997 4420 ἀναφέρηται
1009 4348 1036 4412 (i.
1050 4363 1073 4401 e.
1089 4343 1153 4419 ἀρτι
1165 4346 1296 4418 φέρηται)
1306 4342 1338 4395 V.
