3174 5160
258 367 280 421 I.
299 366 350 420 DE
368 366 530 422 ACHILLE
548 365 793 421 GRAMMATICO
811 365 927 420 ARATI
944 363 1192 420 INTERPRETE.
1297 362 1337 421 29

313 542 496 607 Aomrs.

104 638 150 723 μά
155 665 212 705 νου
225 639 413 726 προσώπου
425 635 620 723 «ἀρχόμενος
632 644 699 719 σέο,

107 747 241 825 Φοῖβε».

149 842 210 909 τὸν
230 835 403 929 οὐδέποτε]
428 838 557 929 ἄρθρον
573 867 702 925 προτα-

105 944 220 1012 κτικὸν
244 938 319 1011 άντὶ
341 941 565 1013 ὑποτακτικοῦ
588 938 625 1013 ῦν
646 944 702 1011 διὰ

69 1059 84 1107 5
107 1046 169 1114 τὸν
193 1046 429 1131 συγκρουσμόν.

153 1145 301 1233 «ἄνδρες»
325 1149 361 1214 δὲ
390 1148 496 1215 ἰδικὸν
520 1143 594 1215 άντὶ
617 1173 703 1234 γενι-

107 1256 168 1318 κοῦ
190 1255 251 1317 τοῦ
275 1245 478 1330 ἀνθρώπου·
508 1253 563 1315 καὶ
586 1243 703 1332 ὅμοιον

108 1357 158 1439 τῷ
180 1349 294 1420 «ἄλλοι
321 1359 381 1436 μέν
410 1354 452 1441 ῥα
480 1359 560 1418 θεοί
587 1377 623 1418 τε
648 1355 703 1417 καὶ

111 1450 227 1539 άνέρες
244 1456 505 1539 ἱπποκορυσταί»
521 1457 570 1534 (ll.
586 1456 618 1520 H
636 1461 674 1530 1).

63 1565 90 1616 10
156 1563 185 1624 2.
210 1559 331 1640 μεσταὶ
354 1557 390 1622 δὲ
404 1555 489 1633 Διὸς
512 1559 622 1622 πᾶσαι
644 1556 704 1638 μὲν

111 1653 239 1744 ἀγυιαί]
263 1651 316 1725 ὅτι
331 1661 386 1724 καὶ
406 1660 437 1725 οἱ
459 1660 601 1746 ποιηταὶ
616 1683 704 1723 παν-

111 1761 220 1849 όπτην
247 1762 422 1827 καλοῦσιν·
456 1744 497 1825 «ιῦ
525 1763 592 1825 Ζεῦ
618 1785 704 1825 παν-

111 1861 203 1929 όπτα
226 1866 412 1944 πανταχοῦ»
434 1864 561 1944 (Nauck
580 1864 617 1928 fr.
634 1864 705 1928 Tr.2

111 1967 224 2050 adesp.
237 1971 290 2042 43)
312 1968 368 2030 καὶ
383 1959 517 2050 «ἠέλιος,
541 1963 579 2040 ῦς
601 1958 701 2030 πάντ’

65 2076 91 2127 15
113 2065 253 2154 ἐφορᾷς»
270 2069 479 2144 (11.111277).

154 2162 297 2253 «ἀγυιαί»
314 2168 350 2233 δὲ
365 2166 407 2232 τὰ
424 2162 572 2253 άμφοόα,
594 2161 639 2233 δι’
658 2161 704 2233 ὦν

111 2269 152 2335 τὰ
175 2285 253 2355 γυῖα
276 2275 430 2356 φέρομεν.

155 2367 303 2456 «ἀγοραί»
327 2371 362 2436 δὲ
393 2370 428 2435 αἱ
452 2369 620 2458 ἐκκλησίαι
648 2373 704 2435 καὶ

114 2474 150 2539 αἱ
164 2472 309 2539 σύνοδοι.
341 2473 470 2558 λέγεται
481 2470 543 2556 γὰρ
555 2474 608 2536 καὶ
625 2477 705 2554 βου-

63 2585 91 2637 κο
113 2578 207 2653 λαῖος
222 2575 308 2652 Ζεὺς
329 2578 384 2640 καὶ
409 2575 515 2652 ξένιος
536 2576 591 2639 καὶ
615 2571 705 2638 ἑται-

111 2691 201 2762 ρεῑος
225 2678 339 2762 φίλιος
356 2675 543 2762 φυτάλμιος
567 2673 705 2762 ἐπικάρ-

113 2803 204 2856 πιος.

155 2887 184 2947 3.
208 2878 312 2968 μεστὴ
334 2881 370 2946 δὲ
393 2879 554 2945 θάλασσα
576 2882 632 2944 καὶ
655 2880 705 2945 λι-

111 2981 219 3068 μένες]
238 2981 402 3067 ἒμπόριος
416 2983 470 3046 καὶ
489 2982 635 3062 λιμένιος
649 2984 705 3047 καὶ

62 3097 89 3147 25
112 3086 258 3173 κερδῷος
279 3097 351 3161 τοῖς
374 3083 546 3170 ἐμπόροις.

146 3734 162 3782 3
181 3731 280 3784 lemma
297 3730 420 3798 separavi
438 3730 470 3781 ut
484 3742 591 3796 semper
608 3727 636 3781 in
654 3730 706 3782 hoe

111 3812 263 3883 fragmento
277 3815 286 3881 ΙΙ
303 3809 434 3883 δάνδρες
444 3813 554 3881 scripsi:
569 3805 707 3884 rivipo'cV

111 3897 121 3967 i
139 3903 181 3964 12,
197 3902 212 3950 3
231 3902 382 3969 πανταχοῦ
400 3889 507 3963 οἶΖεὺς
518 3894 655 3955 πανάπτα
668 3899 706 3953 V:

112 3998 175 4038 corr
193 3983 320 4037 Meineks
344 3985 353 4051 fl
379 3985 411 4035 20
429 3977 469 4046 ὡς
486 3986 520 4049 §.z
541 3999 603 4036 corr
615 3984 671 4036 Wil
699 3984 708 4053 ii

112 4070 141 4121 21
154 4069 252 4138 φίλιος
262 4072 353 4122 cetere
364 4067 461 4122 indicis
473 4068 610 4136 exempla:
623 4069 708 4137 φίλος

111 4153 135 4207 V
165 4154 175 4221 ΙΙ
207 4157 239 4206 22
258 4144 417 4224 φυτάλμιος
438 4153 535 4222 scripsi
554 4155 627 4214 (item
645 4153 707 4207 oiim

110 4237 255 4306 Scaligerir
275 4234 433 4308 φυτάλιμος
444 4236 469 4290 V
482 4239 492 4305 {i
506 4241 538 4290 24
556 4233 709 4309 ἐπιπόριυς

110 4322 149 4376 Vr
171 4337 213 4375 em
232 4321 366 4377 Peterius.

942 539 1151 605 Mircurius.

800 2363 928 2438 (Aratus
951 2359 1062 2424 Iovem
1079 2355 1257 2439 appellavit
1279 2373 1344 2418 om·

756 2464 845 2527 nium
861 2462 983 2544 regem)
1005 2447 1026 2543 ἢ
1049 2450 1103 2523 ὅτι
1119 2450 1164 2521 δι’
1191 2453 1346 2522 άλουιτοῦ

756 2562 881 2644 κόσμου
918 2557 937 2645 ἡ
975 2559 1121 2642 πρόνοια
1151 2571 1252 2643 χωρεῖ
1286 2558 1346 2622 τοῦ
1370 2582 1398 2632 20

757 2667 841 2729 θεοῦ
862 2665 918 2727 καὶ
942 2656 1041 2738 αὐτὸς
1064 2658 1120 2726 διὰ
1141 2656 1269 2736 παντὸς
1293 2657 1346 2741 ἕρ-

755 2790 850 2848 χεται
865 2768 925 2830 τοῦ
939 2763 1064 2845 κόσμου
1078 2767 1221 2843 συνέχων
1238 2755 1348 2842 αῦτάν,

758 2858 778 2955 ἢ
807 2865 891 2931 κατὰ
921 2869 1036 2947 μέντοι
1066 2863 1127 2941 τὰς
1156 2863 1349 2946 ἐπωνυμίας

758 2969 943 3034 αἰνίττεται
961 2961 1071 3046 αὐτόν,
1096 2964 1135 3042 ἃς
1152 2960 1207 3052 ἐφ’
1228 2965 1346 3050 ἑκάστῃ

758 3070 880 3153 πράξει
892 3068 1082 3154 (inrisere)
1101 3067 1149 3144 εἰς
1166 3066 1250 3132 θεὸν
1266 3061 1348 3130 άνα-
1372 3093 1399 3139 25

758 3176 916 3258 φέροντες
946 3171 979 3235 οἱ
1009 3164 1141 3250 ἀρχαῖοι
1169 3167 1211 3232 τά
1240 3169 1350 3244 καλῶς

757 3269 925 3354 γινόμενα,
943 3260 988 3344 ὥς
1004 3268 1071 3332 εἰσι
1087 3271 1195 3352 (φησί)
1208 3270 1349 3352 γενέτωρ

759 3365 923 3455 φράτριος
939 3361 1096 3449 ὁμόγνιος
1111 3363 1275 3449 ἑταιρεῑος
1291 3369 1350 3450 φί-

760 3467 831 3540 λιος
847 3464 969 3539 ἱκέσιος
982 3463 1088 3540 ξένιος
1101 3456 1256 3547 άγοραῐος
1271 3468 1350 3545 βου-

760 3563 855 3638 λαῑος
876 3566 1053 3644 βρονταῐος
1081 3563 1136 3625 καὶ
1165 3559 1207 3624 τά
1239 3552 1350 3642 ὅμοια.
1373 3573 1402 3622 30

794 3684 823 3732 21
844 3681 917 3734 θεοῦ
929 3678 1040 3731 Wiiam:
1060 3679 1317 3755 islovtMarcianus
1342 3677 1352 3746 ii

759 3763 790 3812 23
809 3758 909 3827 μέντοι
922 3763 1077 3827 corruptum
1091 3762 1100 3826 ss
1114 3764 1145 3812 25
1157 3761 1279 3826 supplevi
1292 3758 1300 3827 ΙΙ
1318 3762 1349 3811 27

759 3841 842 3911 φησί,
870 3840 973 3892 scilicet
993 3835 1027 3891 ‘is
1052 3855 1131 3907 quem
1153 3835 1291 3892 exscribo’
1312 3838 1351 3892 lo-

759 3926 858 3988 quente
870 3920 1029 3985 scholiasts3
1047 3934 1082 3972 en
1095 3934 1129 3971 ex
1141 3923 1258 3971 <sicelet
1274 3921 1348 3988 elici

760 4003 868 4054 verbum
887 4016 903 4053 a
918 4015 961 4053 me
973 4003 1127 4067 suppletum
1145 3999 1350 4062 efficiendumst‚

759 4081 833 4134 velut
844 4077 1027 4153 ἐξεῦρισκονί
1040 4082 1049 4147 ΙΙ
1064 4084 1162 4133 27-30
1174 4079 1300 4132 uberiora
1311 4080 1351 4133 in·

760 4161 827 4215 dicis
846 4163 969 4230 exempla
989 4162 1168 4229 promulgavit
1186 4158 1353 4213 Studemund

759 4235 953 4296 in‘Anecdotis
967 4237 1061 4295 variis'
1075 4242 1124 4310 lp.
1136 4245 1260 4308 26⁴isqq„
1274 4255 1352 4306 quem

759 4322 829 4390 fugit
846 4323 927 4376 huius
946 4322 1109 4378 scholiastae
1126 4322 1263 4376 memoria.
