3174 5160
447 383 482 434 11.
501 383 552 436 ul:
572 384 686 437 ARATI
705 340 837 439 0001(th
856 386 1099 442 HIPPAROHEO.
1348 390 1390 447 85

245 555 284 619 V.
303 559 363 621 233
392 553 471 620 «ἔτι»
493 557 645 623 omissum
668 559 823 624 Marciani
846 565 936 624 textu
958 559 1151 644 paraphrasi
1173 563 1325 629 lemmate
1346 564 1390 629 ab

158 657 351 741 Hipparcho
374 657 474 723 Arato
497 657 657 743 redditur,
688 661 865 726 novitium
888 661 1118 761 prosodiacum¹
1138 663 1243 730 inesse
1265 671 1390 747 pergat.

737 881 810 945 XX.

247 1015 318 1098 Ip.
339 1015 441 1080 188ss
464 1013 597 1099 ψευδῶς
628 1013 663 1079 δὲ
692 1013 825 1100 λέγεται
853 1018 909 1082 καὶ
937 1020 1041 1083 ταῦτα
1069 1016 1136 1084 ὑπὸ
1167 1021 1227 1085 τοῦ
1245 1010 1390 1102 Ἀράτου

159 1125 205 1197 (V.
221 1117 421 1198 239-240)“

369 1221 402 1284 οἳ
425 1210 457 1281 δ’
485 1211 541 1304 ἄρ’
568 1217 618 1284 ἐ’τι
640 1219 803 1306 προτέρω,
828 1219 878 1286 ἔτι
901 1214 932 1285 δ’
960 1221 993 1286 ἐν
1016 1223 1204 1309 προβολῆσι
1228 1220 1338 1287 νότοιο

364 1312 499 1401 luccas.

250 1596 265 1645 3
284 1591 419 1663 προτέρω
437 1592 463 1646 V
480 1591 651 1653 Marcianus:
670 1587 806 1667 προτέρῳ
823 1593 856 1646 L.

248 1833 466 1918 «προβαλῆσι»
494 1832 701 1918 Hipparchus
724 1854 797 1901 cum
818 1835 1030 1900 recentiorum
1054 1837 1225 1918 nonnullis,
1248 1858 1393 1918 «προμο-

159 1940 253 2024 λῇσι»
282 1937 465 2002 Marcianus
488 1954 559 2001 oum
583 1935 733 2001 lemmate
757 1942 790 2001 et
805 1934 988 2002 scholiasta.
1027 1937 1069 2003 llt
1090 1936 1153 2004 hcc
1175 1937 1306 2021 quidem
1321 1958 1393 2004 cum

157 2038 260 2106 facile
283 2039 490 2122 intellegatur
512 2037 553 2103 de
568 2036 679 2103 Africo
698 2029 918 2121 ‘prodeunte',
941 2038 1023 2104 illud
1038 2039 1080 2105 ad
1099 2032 1181 2105 ‘vim
1198 2040 1287 2106 venti
1309 2040 1395 2122 proi·

160 2131 316 2209 cientem'
343 2141 490 2224 pertinet.
535 2138 577 2204 Et
598 2140 801 2207 meminimus
831 2140 892 2207 Od.
914 2141 1091 2224 V331sq.:
1123 2135 1242 2205 ἄλλοτε
1270 2139 1330 2222 μὲν
1359 2164 1396 2205 τε

159 2241 276 2319 Νότος
291 2239 401 2328 Βορέῃ
418 2239 629 2328 προβάλεσκε
648 2239 826 2328 φέρεσθαι,
850 2235 970 2306 ἄλλοτε
986 2233 1017 2305 ‹l'
1038 2226 1111 2306 αὖτ’
1131 2227 1237 2328 Εὖρος
1252 2241 1396 2328 Ζεφύρῳ

159 2345 298 2424 εἴξασκε
313 2341 454 2408 διώκειν.
486 2343 692 2411 Haesitautes
709 2345 750 2411 de
765 2345 953 2429 reponenda
967 2346 1126 2429 scriptura
1140 2345 1396 2428 antiquissimum

158 2456 280 2517 testem
302 2453 470 2514 sectamur.

734 2667 825 2732 XXI.

248 2807 265 2870 Ι
288 2825 319 2888 p.
338 2803 440 2871 1820
463 2795 518 2870 ὅτι
540 2801 576 2867 δὲ
598 2799 782 2886 παρόραμά
807 2800 878 2867 ἐστι
899 2803 959 2867 τοῦ
975 2795 1123 2879 Εὐδόξου
1145 2804 1202 2868 καὶ
1224 2793 1398 2885 τσῦἏρά-

160 2935 222 2974 τοο
246 2905 284 2974 τὸ
309 2908 388 2992 περὶ
418 2903 476 2973 τὸν
505 2903 598 2972 πόδα
621 2906 672 2985 (ct
688 2907 744 2983 VI)
767 2905 823 2969 καὶ
856 2895 913 2985 οὐχ
937 2899 1127 2992 ἁμάρτημα,
1152 2903 1250 2992 δῆλον
1271 2907 1398 2987 γίνεται

162 3011 199 3077 ἐκ
213 3013 282 3075 τιῦν
304 3009 433 3074 λοιπῶν
447 3011 515 3075 τῶν
531 3005 716 3092 λεγομὲνων
738 2999 800 3093 ὑφ’
821 3004 976 3087 ἑκατέρου
1000 3008 1080 3088 περὶ
1102 3008 1162 3070 τοῦ
1179 2998 1399 3090 Ἐνγούνασιν.

162 3114 245 3194 περὶ
268 3108 412 3195 μὲνγὰρ
435 3113 495 3198 τῆς
516 3108 637 3193 Λάρος
660 3103 842 3194 δ”Αρατος
865 3107 968 3192 λέγων
991 3115 1032 3183 (v.
1050 3111 1232 3183 271—273)

125 3226 139 3272 5
371 3211 434 3277 καό
457 3204 490 3276 δ’
518 3209 618 3277 ’ἔθετο
643 3249 681 3258 —-
706 3212 809 3298 φησὶν
841 3207 941 3298 αὗτῆν
966 3246 1004 3256 -
1029 3206 1270 3295 ,προπάροιθεν
1294 3200 1398 3272 άπισ-

1128 3309 1210 3387 aloc
1233 3307 1398 3374 Εἰδώλοιο

373 3408 515 3498 οὐρανὸν
538 3413 737 3500 εἰσαγαγών·
762 3413 799 3480 τὸ
825 3407 857 3480 δ’
885 3413 942 3480 ἐπὶ
966 3412 1134 3479 σκελεεσσι
1157 3411 1305 3500 πέτηλον

372 3517 508 3603 γοάνατλ
530 3518 563 3584 οἱ
586 3520 693 3602 σκαιῷ
715 3515 845 3583 πελάει.

164 3623 203 3690 τὸ
230 3623 266 3688 δὲ
289 3621 376 3709 πρὸς
397 3623 440 3709 τῇ
454 3619 558 3709 Λάρᾳ
574 3618 691 3696 σκέλος
715 3617 787 3685 ἐστὶ
808 3623 959 3700 κείμενον
981 3616 1040 3683 ἐπὶ
1062 3619 1120 3702 τῆς
1135 3620 1195 3683 τοῦ
1209 3614 1401 3699 Δράκοντος

115 3736 141 3784 10
164 3727 324 3813 κεφαλῆς.
362 3723 467 3790 πάλιν
491 3723 526 3789 δὲ
549 3723 629 3807 περὶ
652 3724 710 3805 τῆς
727 3714 890 3805 ἀνατολῆς
912 3723 971 3787 τοῦ
983 3713 1172 3805 Ἐνγούνασι
1188 3717 1293 3802 λέγων
1316 3720 1402 3804 φησί

166 3835 210 3908 (V.
227 3829 428 3905 612-614)’

664 3924 768 4012 μόνην
791 3919 822 3988 δ’
851 3922 909 3990 ἐπὶ
931 3926 1044 4010 Χῆλαὶ
1070 3917 1187 4007 άγουσι

376 4026 544 4117 ὄεξιτερῆν
566 4028 691 4117 κνήμην
715 4021 815 4116 αὐτῆς
839 4024 1050 4111 ἐπιγουνίδος
1074 4019 1166 4109 άχρις

378 4130 445 4199 αἰεὶ
466 4130 553 4217 γνάξ,
578 4129 644 4197 αἰεὶ
669 4130 704 4195 δὲ
726 4128 825 4216 Λάρῆ
848 4129 1155 4214 παραπεπτῆῶτος.

117 4263 143 4312 15
166 4230 243 4303 ἀλλ’
261 4229 282 4323 ῆ
298 4230 386 4322 πρὸς
400 4237 442 4322 τῇ
458 4232 551 4300 δύσει
568 4231 670 4321 κνήμη
688 4231 779 4298 ἐστὶν
801 4226 1144 4325 ῆπροανατέλλοοσα,
1166 4228 1223 4292 καὶ
1240 4217 1297 4291 οὐκ
1313 4222 1403 4290 ἔστιν

168 4332 252 4426 αὕτη
277 4335 336 4404 ἐπὶ
358 4339 416 4422 τῆς
431 4336 578 4425 κεφαλῆς
592 4337 652 4400 τοῦ
667 4332 867 4419 Δράκοντος.
906 4332 1004 4419 δῆλον
1022 4326 1088 4411 οὖν,
1112 4321 1166 4395 ὅτι
1182 4327 1306 4414 ἐκείνην
1323 4318 1404 4409 Ἰάρι-
