<?xml version="1.0" encoding="UTF-8"?>
<!DOCTYPE html PUBLIC "-//W3C//DTD XHTML 1.0 Transitional//EN"
    "http://www.w3.org/TR/xhtml1/DTD/xhtml1-transitional.dtd">
<html xmlns="http://www.w3.org/1999/xhtml" xml:lang="en" lang="en">
 <head>
  <title>
</title>
<meta http-equiv="Content-Type" content="text/html;charset=utf-8" />
  <meta name='ocr-system' content='tesseract 3.04.00' />
  <meta name='ocr-capabilities' content='ocr_page ocr_carea ocr_par ocr_line ocrx_word'/>
</head>
<body>
  <div class='ocr_page' id='page_1' title='image "./aratea00maasgoog_0192.png"; bbox 0 0 3174 5160; ppageno 0'>
   <div class='ocr_carea' id='block_1_1' title="bbox 534 290 1406 401">
    <p class='ocr_par' dir='ltr' id='par_1_1' title="bbox 534 290 1406 401">
     <span class='ocr_line' id='line_1_1' title="bbox 534 290 1406 401; baseline -0.015 -11"><span class='ocrx_word' id='word_1_1' title='bbox 534 335 582 390; x_wconf 78' lang='grc' dir='ltr'><strong>ιν.</strong></span> <span class='ocrx_word' id='word_1_2' title='bbox 602 333 652 387; x_wconf 81' lang='lat' dir='ltr'><strong>nn</strong></span> <span class='ocrx_word' id='word_1_3' title='bbox 671 290 849 401; x_wconf 31' lang='lat' dir='ltr'><strong>cannara·</strong></span> <span class='ocrx_word' id='word_1_4' title='bbox 861 332 1047 387; x_wconf 69' lang='lat' dir='ltr'><strong>nannoni.</strong></span> <span class='ocrx_word' id='word_1_5' title='bbox 1346 331 1406 391; x_wconf 71' lang='lat'><strong>187</strong></span> 
     </span>
    </p>
   </div>
   <div class='ocr_carea' id='block_1_2' title="bbox 167 497 1458 2225">
    <p class='ocr_par' dir='ltr' id='par_1_2' title="bbox 167 497 1458 2225">
     <span class='ocr_line' id='line_1_2' title="bbox 170 497 1407 593; baseline 0.002 -23"><span class='ocrx_word' id='word_1_6' title='bbox 170 505 212 570; x_wconf 93' lang='lat' dir='ltr'><strong>Id</strong></span> <span class='ocrx_word' id='word_1_7' title='bbox 234 526 313 572; x_wconf 86' lang='lat' dir='ltr'><strong>vero</strong></span> <span class='ocrx_word' id='word_1_8' title='bbox 335 506 540 591; x_wconf 78' lang='lat' dir='ltr'><strong>demiramur,</strong></span> <span class='ocrx_word' id='word_1_9' title='bbox 564 508 650 590; x_wconf 91' lang='lat' dir='ltr'><strong>quod</strong></span> <span class='ocrx_word' id='word_1_10' title='bbox 671 501 761 574; x_wconf 84' lang='lat' dir='ltr'><strong>‘Ilias</strong></span> <span class='ocrx_word' id='word_1_11' title='bbox 777 497 892 590; x_wconf 83' lang='lat' dir='ltr'><strong>parva&#39;</strong></span> <span class='ocrx_word' id='word_1_12' title='bbox 918 506 1033 573; x_wconf 89' lang='lat' dir='ltr'><strong>Proclo</strong></span> <span class='ocrx_word' id='word_1_13' title='bbox 1058 514 1138 574; x_wconf 88' lang='lat' dir='ltr'><strong>teste</strong></span> <span class='ocrx_word' id='word_1_14' title='bbox 1162 511 1204 593; x_wconf 88' lang='lat' dir='ltr'><strong>(p.</strong></span> <span class='ocrx_word' id='word_1_15' title='bbox 1221 509 1257 572; x_wconf 88' lang='grc'><strong>36</strong></span> <span class='ocrx_word' id='word_1_16' title='bbox 1274 507 1407 581; x_wconf 85' lang='lat' dir='ltr'><strong>Kinkel)</strong></span> 
     </span>
     <span class='ocr_line' id='line_1_3' title="bbox 170 600 1407 694; baseline 0.002 -22"><span class='ocrx_word' id='word_1_17' title='bbox 170 613 324 689; x_wconf 87' lang='lat' dir='ltr'><strong>quattuor</strong></span> <span class='ocrx_word' id='word_1_18' title='bbox 352 609 452 676; x_wconf 86' lang='lat' dir='ltr'><strong>libros</strong></span> <span class='ocrx_word' id='word_1_19' title='bbox 487 611 677 694; x_wconf 85' lang='lat' dir='ltr'><strong>complevit,</strong></span> <span class='ocrx_word' id='word_1_20' title='bbox 704 600 822 675; x_wconf 77' lang='lat' dir='ltr'><strong>‘Nosti&#39;</strong></span> <span class='ocrx_word' id='word_1_21' title='bbox 855 609 1010 691; x_wconf 90' lang='lat' dir='ltr'><strong>quinque:</strong></span> <span class='ocrx_word' id='word_1_22' title='bbox 1046 629 1120 674; x_wconf 91' lang='lat' dir='ltr'><strong>nam</strong></span> <span class='ocrx_word' id='word_1_23' title='bbox 1148 609 1209 676; x_wconf 89' lang='lat' dir='ltr'><strong>hoc</strong></span> <span class='ocrx_word' id='word_1_24' title='bbox 1238 609 1407 676; x_wconf 71' lang='lat' dir='ltr'><strong>Cannnms</strong></span> 
     </span>
     <span class='ocr_line' id='line_1_4' title="bbox 172 707 1405 796; baseline 0.002 -23"><span class='ocrx_word' id='word_1_25' title='bbox 172 707 359 793; x_wconf 77' lang='lat' dir='ltr'>Odysseae,</span> <span class='ocrx_word' id='word_1_26' title='bbox 389 710 470 776; x_wconf 90' lang='lat' dir='ltr'><strong>illud</strong></span> <span class='ocrx_word' id='word_1_27' title='bbox 492 712 607 794; x_wconf 87' lang='lat' dir='ltr'><strong>Iliadi,</strong></span> <span class='ocrx_word' id='word_1_28' title='bbox 630 712 758 794; x_wconf 88' lang='lat' dir='ltr'><strong>qualem</strong></span> <span class='ocrx_word' id='word_1_29' title='bbox 780 710 873 776; x_wconf 91' lang='lat' dir='ltr'><strong>nobis</strong></span> <span class='ocrx_word' id='word_1_30' title='bbox 895 711 1003 776; x_wconf 89' lang='lat' dir='ltr'><strong>animo</strong></span> <span class='ocrx_word' id='word_1_31' title='bbox 1026 710 1286 793; x_wconf 83' lang='lat' dir='ltr'><strong>informabamus,</strong></span> <span class='ocrx_word' id='word_1_32' title='bbox 1310 713 1405 796; x_wconf 88' lang='lat' dir='ltr'><strong>plane</strong></span> 
     </span>
     <span class='ocr_line' id='line_1_5' title="bbox 171 810 1406 896; baseline 0.002 -22"><span class='ocrx_word' id='word_1_33' title='bbox 171 810 433 894; x_wconf 47' lang='lat' dir='ltr'><strong>responderetffll.</strong></span> <span class='ocrx_word' id='word_1_34' title='bbox 471 810 581 890; x_wconf 81' lang='lat' dir='ltr'><strong>Quid?</strong></span> <span class='ocrx_word' id='word_1_35' title='bbox 605 813 691 896; x_wconf 90' lang='lat' dir='ltr'><strong>quod</strong></span> <span class='ocrx_word' id='word_1_36' title='bbox 706 819 835 879; x_wconf 87' lang='lat' dir='ltr'><strong>sanctus</strong></span> <span class='ocrx_word' id='word_1_37' title='bbox 851 813 1004 878; x_wconf 78' lang='lat' dir='ltr'>enneadis</span> <span class='ocrx_word' id='word_1_38' title='bbox 1020 833 1169 878; x_wconf 92' lang='lat' dir='ltr'><strong>numerus</strong></span> <span class='ocrx_word' id='word_1_39' title='bbox 1192 814 1224 877; x_wconf 91' lang='lat' dir='ltr'><strong>in</strong></span> <span class='ocrx_word' id='word_1_40' title='bbox 1246 813 1406 878; x_wconf 73' lang='lat' dir='ltr'><strong>Canauna</strong></span> 
     </span>
     <span class='ocr_line' id='line_1_6' title="bbox 170 908 1458 999; baseline 0.002 -23"><span class='ocrx_word' id='word_1_41' title='bbox 170 908 270 978; x_wconf 89' lang='lat' dir='ltr'><strong>altius</strong></span> <span class='ocrx_word' id='word_1_42' title='bbox 299 911 428 979; x_wconf 89' lang='lat' dir='ltr'><strong>videtur</strong></span> <span class='ocrx_word' id='word_1_43' title='bbox 456 934 527 980; x_wconf 89' lang='lat' dir='ltr'><strong>esse</strong></span> <span class='ocrx_word' id='word_1_44' title='bbox 555 915 760 999; x_wconf 84' lang='lat' dir='ltr'><strong>repetendus.</strong></span> <span class='ocrx_word' id='word_1_45' title='bbox 810 915 949 980; x_wconf 82' lang='lat' dir='ltr'>Homero</span> <span class='ocrx_word' id='word_1_46' title='bbox 979 917 1064 980; x_wconf 92' lang='lat' dir='ltr'><strong>enim</strong></span> <span class='ocrx_word' id='word_1_47' title='bbox 1094 916 1282 997; x_wconf 85' lang='lat' dir='ltr'><strong>singillatim</strong></span> <span class='ocrx_word' id='word_1_48' title='bbox 1311 916 1405 980; x_wconf 90' lang='lat' dir='ltr'><strong>inter·</strong></span> <span class='ocrx_word' id='word_1_49' title='bbox 1456 963 1458 966; x_wconf 77' lang='lat'><em>.</em></span> 
     </span>
     <span class='ocr_line' id='line_1_7' title="bbox 172 1014 1406 1097; baseline 0.002 -19"><span class='ocrx_word' id='word_1_50' title='bbox 172 1014 332 1097; x_wconf 88' lang='lat' dir='ltr'><strong>pretando</strong></span> <span class='ocrx_word' id='word_1_51' title='bbox 363 1016 466 1081; x_wconf 90' lang='lat' dir='ltr'><strong>lucem</strong></span> <span class='ocrx_word' id='word_1_52' title='bbox 496 1015 623 1082; x_wconf 85' lang='lat' dir='ltr'><strong>adferre</strong></span> <span class='ocrx_word' id='word_1_53' title='bbox 646 1019 709 1082; x_wconf 90' lang='lat' dir='ltr'><strong>ista</strong></span> <span class='ocrx_word' id='word_1_54' title='bbox 731 1016 771 1082; x_wconf 95' lang='lat' dir='ltr'><strong>de</strong></span> <span class='ocrx_word' id='word_1_55' title='bbox 800 1017 976 1082; x_wconf 88' lang='lat' dir='ltr'><strong>novenario</strong></span> <span class='ocrx_word' id='word_1_56' title='bbox 1006 1037 1139 1082; x_wconf 88' lang='lat' dir='ltr'><strong>numero</strong></span> <span class='ocrx_word' id='word_1_57' title='bbox 1168 1016 1406 1082; x_wconf 81' lang='lat' dir='ltr'><strong>existimatione</strong></span> 
     </span>
     <span class='ocr_line' id='line_1_8' title="bbox 171 1108 1407 1202; baseline 0.001 -23"><span class='ocrx_word' id='word_1_58' title='bbox 171 1116 232 1180; x_wconf 83' lang='lat' dir='ltr'><strong>luit</strong></span> <span class='ocrx_word' id='word_1_59' title='bbox 255 1117 312 1199; x_wconf 90' lang='lat' dir='ltr'><strong>qui</strong></span> <span class='ocrx_word' id='word_1_60' title='bbox 342 1124 510 1183; x_wconf 79' lang='lat' dir='ltr'><strong>conaretur</strong></span> <span class='ocrx_word' id='word_1_61' title='bbox 531 1118 823 1202; x_wconf 89' lang='lat' dir='ltr'><strong>Pseudoplutarchi</strong></span> <span class='ocrx_word' id='word_1_62' title='bbox 843 1113 907 1184; x_wconf 83' lang='lat' dir='ltr'><strong>‘Dc</strong></span> <span class='ocrx_word' id='word_1_63' title='bbox 931 1119 1063 1184; x_wconf 90' lang='lat' dir='ltr'><strong>Homeri</strong></span> <span class='ocrx_word' id='word_1_64' title='bbox 1095 1121 1162 1183; x_wconf 90' lang='lat' dir='ltr'><strong>vita</strong></span> <span class='ocrx_word' id='word_1_65' title='bbox 1184 1139 1222 1184; x_wconf 92' lang='lat' dir='ltr'><strong>ac</strong></span> <span class='ocrx_word' id='word_1_66' title='bbox 1243 1108 1348 1201; x_wconf 85' lang='lat' dir='ltr'><strong>poesi&#39;</strong></span> <span class='ocrx_word' id='word_1_67' title='bbox 1374 1117 1407 1181; x_wconf 92' lang='grc' dir='ltr'><strong>ΙΙ</strong></span> 
     </span>
     <span class='ocr_line' id='line_1_9' title="bbox 167 1214 1405 1301; baseline -0.001 -19"><span class='ocrx_word' id='word_1_68' title='bbox 167 1234 200 1282; x_wconf 80' lang='lat' dir='ltr'><strong>c.</strong></span> <span class='ocrx_word' id='word_1_69' title='bbox 216 1223 277 1282; x_wconf 86' lang='grc'><strong>145</strong></span> <span class='ocrx_word' id='word_1_70' title='bbox 294 1239 325 1301; x_wconf 89' lang='lat' dir='ltr'><strong>p.</strong></span> <span class='ocrx_word' id='word_1_71' title='bbox 341 1221 423 1283; x_wconf 86' lang='lat'>1185</span> <span class='ocrx_word' id='word_1_72' title='bbox 433 1219 481 1284; x_wconf 90' lang='lat' dir='ltr'><strong>W.</strong></span> <span class='ocrx_word' id='word_1_73' title='bbox 497 1228 625 1286; x_wconf 86' lang='lat' dir='ltr'><strong>auctor:</strong></span> <span class='ocrx_word' id='word_1_74' title='bbox 640 1221 779 1294; x_wconf 82' lang='grc' dir='ltr'><strong><em>καὶτοῖς</em></strong></span> <span class='ocrx_word' id='word_1_75' title='bbox 794 1219 855 1301; x_wconf 81' lang='grc' dir='ltr'><strong>μὲν</strong></span> <span class='ocrx_word' id='word_1_76' title='bbox 868 1214 1038 1301; x_wconf 76' lang='grc' dir='ltr'><em>οὐρανίοις</em></span> <span class='ocrx_word' id='word_1_77' title='bbox 1051 1219 1189 1301; x_wconf 88' lang='grc' dir='ltr'><strong><em>δαίμοσι</em></strong></span> <span class='ocrx_word' id='word_1_78' title='bbox 1203 1217 1246 1283; x_wconf 88' lang='grc' dir='ltr'><strong><em>τά</em></strong></span> <span class='ocrx_word' id='word_1_79' title='bbox 1259 1215 1405 1301; x_wconf 83' lang='grc' dir='ltr'><strong><em>περισσὰ</em></strong></span> 
     </span>
     <span class='ocr_line' id='line_1_10' title="bbox 172 1312 1406 1407; baseline 0.001 -23"><span class='ocrx_word' id='word_1_80' title='bbox 172 1312 339 1401; x_wconf 76' lang='grc' dir='ltr'><em>ἀπονέμει</em></span> <span class='ocrx_word' id='word_1_81' title='bbox 361 1322 563 1403; x_wconf 79' lang='lat' dir='ltr'><strong>(Homerus)·</strong></span> <span class='ocrx_word' id='word_1_82' title='bbox 595 1319 616 1386; x_wconf 81' lang='grc' dir='ltr'><strong>δ’</strong></span> <span class='ocrx_word' id='word_1_83' title='bbox 636 1344 673 1385; x_wconf 91' lang='grc' dir='ltr'><strong>τε</strong></span> <span class='ocrx_word' id='word_1_84' title='bbox 695 1318 757 1406; x_wconf 82' lang='grc' dir='ltr'><strong>γάρ</strong></span> <span class='ocrx_word' id='word_1_85' title='bbox 780 1325 921 1407; x_wconf 81' lang='grc' dir='ltr'><em>Νέστωρ</em></span> <span class='ocrx_word' id='word_1_86' title='bbox 944 1323 1135 1388; x_wconf 76' lang='grc' dir='ltr'><strong><em>Ποσειδῶνι</em></strong></span> <span class='ocrx_word' id='word_1_87' title='bbox 1157 1319 1236 1387; x_wconf 73' lang='grc' dir='ltr'><strong><em>θύει</em></strong></span> <span class='ocrx_word' id='word_1_88' title='bbox 1262 1318 1406 1396; x_wconf 89' lang='grc' dir='ltr'><strong><em>ἐννεάκις</em></strong></span> 
     </span>
     <span class='ocr_line' id='line_1_11' title="bbox 171 1418 1406 1505; baseline -0.001 -18"><span class='ocrx_word' id='word_1_89' title='bbox 171 1421 268 1488; x_wconf 86' lang='grc' dir='ltr'><strong><em>ἐννέα</em></strong></span> <span class='ocrx_word' id='word_1_90' title='bbox 296 1420 441 1505; x_wconf 79' lang='grc' dir='ltr'><em>ταύρους</em></span> <span class='ocrx_word' id='word_1_91' title='bbox 467 1423 541 1502; x_wconf 87' lang='grc' dir='ltr'><strong>(οδ.</strong></span> <span class='ocrx_word' id='word_1_92' title='bbox 564 1424 614 1489; x_wconf 91' lang='lat' dir='ltr'><strong>III</strong></span> <span class='ocrx_word' id='word_1_93' title='bbox 636 1445 666 1489; x_wconf 87' lang='lat' dir='ltr'><strong>v.</strong></span> <span class='ocrx_word' id='word_1_94' title='bbox 685 1428 715 1499; x_wconf 87' lang='grc'><strong>7)</strong></span> <span class='ocrx_word' id='word_1_95' title='bbox 854 1427 909 1490; x_wconf 84' lang='grc' dir='ltr'><strong>καλ</strong></span> <span class='ocrx_word' id='word_1_96' title='bbox 940 1424 1035 1491; x_wconf 81' lang='grc' dir='ltr'><strong><em>ἐννέα</em></strong></span> <span class='ocrx_word' id='word_1_97' title='bbox 1062 1427 1166 1489; x_wconf 78' lang='grc' dir='ltr'><strong><em>κυνῶν</em></strong></span> <span class='ocrx_word' id='word_1_98' title='bbox 1195 1418 1300 1489; x_wconf 75' lang='grc' dir='ltr'><strong><em>ὄντων</em></strong></span> <span class='ocrx_word' id='word_1_99' title='bbox 1328 1420 1406 1497; x_wconf 84' lang='grc' dir='ltr'><strong><em>τοδς</em></strong></span> 
     </span>
     <span class='ocr_line' id='line_1_12' title="bbox 175 1522 1404 1611; baseline 0.001 -23"><span class='ocrx_word' id='word_1_100' title='bbox 175 1523 234 1590; x_wconf 73' lang='grc' dir='ltr'><strong>δύο</strong></span> <span class='ocrx_word' id='word_1_101' title='bbox 259 1522 419 1608; x_wconf 73' lang='grc' dir='ltr'><strong><em>ἐμβάλλει</em></strong></span> <span class='ocrx_word' id='word_1_102' title='bbox 440 1527 482 1610; x_wconf 76' lang='grc' dir='ltr'><strong><em>τῇ</em></strong></span> <span class='ocrx_word' id='word_1_103' title='bbox 505 1527 597 1611; x_wconf 75' lang='grc' dir='ltr'><strong><em>πυρᾷ</em></strong></span> <span class='ocrx_word' id='word_1_104' title='bbox 624 1526 780 1601; x_wconf 88' lang='lat' dir='ltr'><strong>(Achilles</strong></span> <span class='ocrx_word' id='word_1_105' title='bbox 795 1527 833 1591; x_wconf 85' lang='lat' dir='ltr'><strong>ll.</strong></span> <span class='ocrx_word' id='word_1_106' title='bbox 850 1527 962 1592; x_wconf 90' lang='lat' dir='ltr'>XXIII</span> <span class='ocrx_word' id='word_1_107' title='bbox 985 1550 1015 1593; x_wconf 87' lang='lat' dir='ltr'><strong>v.</strong></span> <span class='ocrx_word' id='word_1_108' title='bbox 1035 1533 1115 1606; x_wconf 88' lang='grc'>173),</span> <span class='ocrx_word' id='word_1_109' title='bbox 1139 1526 1195 1592; x_wconf 80' lang='grc' dir='ltr'><strong>ἵνα</strong></span> <span class='ocrx_word' id='word_1_110' title='bbox 1216 1524 1295 1602; x_wconf 75' lang='grc' dir='ltr'><strong><em>τοὺς</em></strong></span> <span class='ocrx_word' id='word_1_111' title='bbox 1317 1522 1404 1590; x_wconf 79' lang='grc' dir='ltr'><strong><em>ἑπτά</em></strong></span> 
     </span>
     <span class='ocr_line' id='line_1_13' title="bbox 169 1619 1404 1713; baseline 0.002 -23"><span class='ocrx_word' id='word_1_112' title='bbox 169 1624 281 1711; x_wconf 79' lang='grc' dir='ltr'><strong><em>ἐαοτιῡ</em></strong></span> <span class='ocrx_word' id='word_1_113' title='bbox 305 1619 545 1710; x_wconf 81' lang='grc' dir='ltr'><strong><em>άπολίπηται.</em></strong></span> <span class='ocrx_word' id='word_1_114' title='bbox 563 1625 734 1708; x_wconf 83' lang='grc' dir='ltr'><strong><em>,μάλιστα</em></strong></span> <span class='ocrx_word' id='word_1_115' title='bbox 756 1628 791 1692; x_wconf 82' lang='grc' dir='ltr'><strong>δὲ</strong></span> <span class='ocrx_word' id='word_1_116' title='bbox 812 1630 861 1711; x_wconf 77' lang='grc' dir='ltr'><strong><em>τῴ</em></strong></span> <span class='ocrx_word' id='word_1_117' title='bbox 878 1653 945 1693; x_wconf 91' lang='grc' dir='ltr'><strong><em>των</em></strong></span> <span class='ocrx_word' id='word_1_118' title='bbox 968 1626 1062 1694; x_wconf 91' lang='grc' dir='ltr'><strong><em>ἐννέα</em></strong></span> <span class='ocrx_word' id='word_1_119' title='bbox 1084 1622 1235 1713; x_wconf 71' lang='grc' dir='ltr'><strong><em>(άριθμιῦ</em></strong></span> <span class='ocrx_word' id='word_1_120' title='bbox 1257 1631 1404 1712; x_wconf 70' lang='grc' dir='ltr'><strong><em>χρῆται)</em></strong></span> 
     </span>
     <span class='ocr_line' id='line_1_14' title="bbox 170 1721 1406 1812; baseline 0.002 -20.052"><span class='ocrx_word' id='word_1_121' title='bbox 170 1724 238 1806; x_wconf 78' lang='grc' dir='ltr'><strong>«ὡς</strong></span> <span class='ocrx_word' id='word_1_122' title='bbox 254 1734 385 1794; x_wconf 86' lang='grc' dir='ltr'><strong><em>νείκεσσ</em></strong></span> <span class='ocrx_word' id='word_1_123' title='bbox 389 1721 573 1812; x_wconf 69' lang='grc' dir='ltr'><strong><em>’δμέρων</em></strong></span> <span class='ocrx_word' id='word_1_124' title='bbox 597 1722 699 1794; x_wconf 84' lang='grc' dir='ltr'><strong><em>τολδ</em></strong></span> <span class='ocrx_word' id='word_1_125' title='bbox 719 1727 812 1794; x_wconf 86' lang='grc' dir='ltr'><strong><em>ἐννέα</em></strong></span> <span class='ocrx_word' id='word_1_126' title='bbox 826 1723 1128 1807; x_wconf 86' lang='grc' dir='ltr'><strong><em>πάντεςάνέσταν»</em></strong></span> <span class='ocrx_word' id='word_1_127' title='bbox 1144 1733 1193 1810; x_wconf 84' lang='lat' dir='ltr'><strong>(Il.</strong></span> <span class='ocrx_word' id='word_1_128' title='bbox 1210 1732 1314 1797; x_wconf 88' lang='lat' dir='ltr'><strong>Vllv.</strong></span> <span class='ocrx_word' id='word_1_129' title='bbox 1334 1734 1406 1807; x_wconf 88' lang='grc'><strong>161)</strong></span> 
     </span>
     <span class='ocr_line' id='line_1_15' title="bbox 168 1818 1406 1920; baseline 0 -24"><span class='ocrx_word' id='word_1_130' title='bbox 168 1833 225 1896; x_wconf 88' lang='grc' dir='ltr'><strong>καὶ</strong></span> <span class='ocrx_word' id='word_1_131' title='bbox 241 1829 417 1916; x_wconf 80' lang='grc' dir='ltr'><strong><em>«ἐννέωροι</em></strong></span> <span class='ocrx_word' id='word_1_132' title='bbox 438 1827 501 1915; x_wconf 78' lang='grc' dir='ltr'><strong>γὰρ</strong></span> <span class='ocrx_word' id='word_1_133' title='bbox 522 1835 577 1895; x_wconf 86' lang='grc' dir='ltr'><strong><em>τοί</em></strong></span> <span class='ocrx_word' id='word_1_134' title='bbox 598 1854 635 1913; x_wconf 78' lang='grc' dir='ltr'><strong><em>γε</em></strong></span> <span class='ocrx_word' id='word_1_135' title='bbox 656 1833 710 1896; x_wconf 81' lang='grc' dir='ltr'><strong>καὶ</strong></span> <span class='ocrx_word' id='word_1_136' title='bbox 729 1829 943 1919; x_wconf 75' lang='grc' dir='ltr'><strong><em>ἐννεαπήχεες</em></strong></span> <span class='ocrx_word' id='word_1_137' title='bbox 965 1818 1052 1920; x_wconf 79' lang='grc' dir='ltr'><strong><em>ἦσαν</em></strong></span> <span class='ocrx_word' id='word_1_138' title='bbox 1075 1818 1178 1915; x_wconf 72' lang='grc' dir='ltr'><strong><em>εὖρος,</em></strong></span> <span class='ocrx_word' id='word_1_139' title='bbox 1203 1825 1287 1918; x_wconf 84' lang='grc' dir='ltr'><strong><em>άτάρ</em></strong></span> <span class='ocrx_word' id='word_1_140' title='bbox 1302 1829 1406 1918; x_wconf 72' lang='grc' dir='ltr'><strong><em>μῆκός</em></strong></span> 
     </span>
     <span class='ocr_line' id='line_1_16' title="bbox 169 1931 1405 2020; baseline 0.002 -24"><span class='ocrx_word' id='word_1_141' title='bbox 169 1957 207 2017; x_wconf 81' lang='lat' dir='ltr'><strong>ys</strong></span> <span class='ocrx_word' id='word_1_142' title='bbox 229 1931 434 2020; x_wconf 65' lang='grc' dir='ltr'><strong><em>γενέσθην</em></strong></span> <span class='ocrx_word' id='word_1_143' title='bbox 420 1931 640 2018; x_wconf 82' lang='grc' dir='ltr'><strong><em>εννεόργοιοι»</em></strong></span> <span class='ocrx_word' id='word_1_144' title='bbox 627 1932 737 2010; x_wconf 84' lang='lat' dir='ltr'><strong>»(Od.</strong></span> <span class='ocrx_word' id='word_1_145' title='bbox 755 1934 855 2000; x_wconf 84' lang='lat' dir='ltr'><strong>xlv.</strong></span> <span class='ocrx_word' id='word_1_146' title='bbox 874 1938 1053 2013; x_wconf 80' lang='lat'>311-312)</span> <span class='ocrx_word' id='word_1_147' title='bbox 1076 1940 1132 2003; x_wconf 86' lang='grc' dir='ltr'><strong>καὶ</strong></span> <span class='ocrx_word' id='word_1_148' title='bbox 1160 1934 1323 2020; x_wconf 76' lang='grc' dir='ltr'><strong><em>«ἐννῆμαρ</em></strong></span> <span class='ocrx_word' id='word_1_149' title='bbox 1345 1934 1405 2016; x_wconf 78' lang='grc' dir='ltr'><strong>μὲν</strong></span> 
     </span>
     <span class='ocr_line' id='line_1_17' title="bbox 171 2028 1405 2122; baseline 0.003 -24"><span class='ocrx_word' id='word_1_150' title='bbox 171 2028 237 2099; x_wconf 82' lang='grc' dir='ltr'><strong>άνά</strong></span> <span class='ocrx_word' id='word_1_151' title='bbox 262 2032 406 2118; x_wconf 83' lang='grc' dir='ltr'><strong><em>στρατὸν</em></strong></span> <span class='ocrx_word' id='word_1_152' title='bbox 429 2029 533 2120; x_wconf 74' lang='grc' dir='ltr'><strong><em>ᾤχετο</em></strong></span> <span class='ocrx_word' id='word_1_153' title='bbox 548 2035 632 2122; x_wconf 76' lang='grc' dir='ltr'><strong><em>κῆλα</em></strong></span> <span class='ocrx_word' id='word_1_154' title='bbox 646 2039 765 2099; x_wconf 71' lang='grc' dir='ltr'><strong><em>θεοῖο»</em></strong></span> <span class='ocrx_word' id='word_1_155' title='bbox 789 2037 872 2114; x_wconf 86' lang='grc'>(11.1</span> <span class='ocrx_word' id='word_1_156' title='bbox 894 2059 924 2102; x_wconf 87' lang='lat' dir='ltr'><strong>v.</strong></span> <span class='ocrx_word' id='word_1_157' title='bbox 942 2042 994 2116; x_wconf 85' lang='lat'><strong>53)</strong></span> <span class='ocrx_word' id='word_1_158' title='bbox 1017 2041 1073 2104; x_wconf 83' lang='grc' dir='ltr'><strong>καὶ</strong></span> <span class='ocrx_word' id='word_1_159' title='bbox 1088 2037 1245 2122; x_wconf 70' lang='grc' dir='ltr'><strong><em>«ἐννῆμαρ</em></strong></span> <span class='ocrx_word' id='word_1_160' title='bbox 1262 2037 1405 2115; x_wconf 83' lang='grc' dir='ltr'><strong><em>ξείνισσε</em></strong></span> 
     </span>
     <span class='ocr_line' id='line_1_18' title="bbox 170 2133 1402 2225; baseline 0.002 -25"><span class='ocrx_word' id='word_1_161' title='bbox 170 2139 227 2203; x_wconf 84' lang='grc' dir='ltr'><strong>καὶ</strong></span> <span class='ocrx_word' id='word_1_162' title='bbox 251 2134 346 2202; x_wconf 87' lang='grc' dir='ltr'><strong><em>ἐννέα</em></strong></span> <span class='ocrx_word' id='word_1_163' title='bbox 374 2139 455 2220; x_wconf 75' lang='grc' dir='ltr'><strong><em>βοῦς</em></strong></span> <span class='ocrx_word' id='word_1_164' title='bbox 485 2137 651 2220; x_wconf 73' lang='grc' dir='ltr'><strong><em>ιέρεοσεν»</em></strong></span> <span class='ocrx_word' id='word_1_165' title='bbox 673 2138 937 2218; x_wconf 84' lang='lat' dir='ltr'><strong>(ll.Vlv.17.4)</strong></span> <span class='ocrx_word' id='word_1_166' title='bbox 982 2145 1016 2203; x_wconf 89' lang='grc' dir='ltr'><strong><em>τί</em></strong></span> <span class='ocrx_word' id='word_1_167' title='bbox 1039 2134 1159 2225; x_wconf 72' lang='grc' dir='ltr'><strong><em>δήποτ’</em></strong></span> <span class='ocrx_word' id='word_1_168' title='bbox 1187 2135 1244 2204; x_wconf 78' lang='grc' dir='ltr'><strong>οὖν</strong></span> <span class='ocrx_word' id='word_1_169' title='bbox 1273 2133 1402 2204; x_wconf 81' lang='grc' dir='ltr'><strong><em>ἐστινὸ</em></strong></span> 
     </span>
    </p>
   </div>
   <div class='ocr_carea' id='block_1_3' title="bbox 168 2339 1461 3650">
    <p class='ocr_par' dir='ltr' id='par_1_3' title="bbox 168 2339 1461 3546">
     <span class='ocr_line' id='line_1_19' title="bbox 171 2339 1405 2428; baseline 0.002 -22"><span class='ocrx_word' id='word_1_170' title='bbox 171 2343 232 2407; x_wconf 73' lang='lat' dir='ltr'><strong>cod</strong></span> <span class='ocrx_word' id='word_1_171' title='bbox 255 2339 460 2425; x_wconf 79' lang='grc' dir='ltr'><strong><em>τετράγωνος</em></strong></span> <span class='ocrx_word' id='word_1_172' title='bbox 481 2343 537 2405; x_wconf 84' lang='grc' dir='ltr'><strong>καὶ</strong></span> <span class='ocrx_word' id='word_1_173' title='bbox 566 2340 766 2425; x_wconf 88' lang='grc' dir='ltr'><strong><em>περισσάκις</em></strong></span> <span class='ocrx_word' id='word_1_174' title='bbox 794 2341 957 2427; x_wconf 88' lang='grc' dir='ltr'><strong><em>περισσὸς</em></strong></span> <span class='ocrx_word' id='word_1_175' title='bbox 986 2342 1034 2420; x_wconf 83' lang='grc' dir='ltr'><strong><em>εἰς</em></strong></span> <span class='ocrx_word' id='word_1_176' title='bbox 1056 2356 1145 2428; x_wconf 83' lang='grc' dir='ltr'><em>τρεῖς</em></span> <span class='ocrx_word' id='word_1_177' title='bbox 1174 2343 1405 2427; x_wconf 78' lang='grc' dir='ltr'><strong>διαιρούμενος</strong></span> 
     </span>
     <span class='ocr_line' id='line_1_20' title="bbox 168 2435 1405 2530; baseline 0.002 -23"><span class='ocrx_word' id='word_1_178' title='bbox 168 2435 371 2528; x_wconf 89' lang='grc' dir='ltr'><strong><em>τριάδας·</em></strong></span> <span class='ocrx_word' id='word_1_179' title='bbox 345 2467 390 2507; x_wconf 87' lang='grc' dir='ltr'><strong>ων</strong></span> <span class='ocrx_word' id='word_1_180' title='bbox 402 2439 522 2529; x_wconf 78' lang='grc' dir='ltr'><strong><em>ἑκάστη</em></strong></span> <span class='ocrx_word' id='word_1_181' title='bbox 535 2441 685 2508; x_wconf 73' lang='grc' dir='ltr'><strong><em>πάλιν’</em></strong></span> <span class='ocrx_word' id='word_1_182' title='bbox 655 2467 704 2520; x_wconf 88' lang='grc' dir='ltr'><strong><em>εις</em></strong></span> <span class='ocrx_word' id='word_1_183' title='bbox 718 2457 808 2527; x_wconf 83' lang='grc' dir='ltr'><strong><em>τρεῖς</em></strong></span> <span class='ocrx_word' id='word_1_184' title='bbox 818 2444 967 2526; x_wconf 81' lang='grc' dir='ltr'><strong><em>μονάδας</em></strong></span> <span class='ocrx_word' id='word_1_185' title='bbox 983 2445 1215 2530; x_wconf 50' lang='grc' dir='ltr'><strong><em>διαιρεῖταιλὸ).</em></strong></span> <span class='ocrx_word' id='word_1_186' title='bbox 1245 2447 1405 2512; x_wconf 72' lang='grc' dir='ltr'>ΟΒΑΤΕΤΕ</span> 
     </span>
     <span class='ocr_line' id='line_1_21' title="bbox 170 2545 1403 2632; baseline 0.001 -21"><span class='ocrx_word' id='word_1_187' title='bbox 170 2551 247 2628; x_wconf 80' lang='lat' dir='ltr'><strong>(quo</strong></span> <span class='ocrx_word' id='word_1_188' title='bbox 276 2545 608 2628; x_wconf 88' lang='lat' dir='ltr'><strong>Pseudoplutarchnm</strong></span> <span class='ocrx_word' id='word_1_189' title='bbox 638 2567 730 2613; x_wconf 89' lang='lat' dir='ltr'><strong>usum</strong></span> <span class='ocrx_word' id='word_1_190' title='bbox 760 2567 831 2612; x_wconf 88' lang='lat' dir='ltr'><strong>esse</strong></span> <span class='ocrx_word' id='word_1_191' title='bbox 863 2548 1153 2616; x_wconf 88' lang='lat' dir='ltr'><strong>demonstravimus</strong></span> <span class='ocrx_word' id='word_1_192' title='bbox 1182 2569 1213 2632; x_wconf 93' lang='lat' dir='ltr'><strong>p.</strong></span> <span class='ocrx_word' id='word_1_193' title='bbox 1233 2552 1304 2624; x_wconf 83' lang='lat'>175)</span> <span class='ocrx_word' id='word_1_194' title='bbox 1333 2568 1403 2631; x_wconf 91' lang='lat' dir='ltr'><strong>per·</strong></span> 
     </span>
     <span class='ocr_line' id='line_1_22' title="bbox 169 2645 1403 2734; baseline 0.002 -22"><span class='ocrx_word' id='word_1_195' title='bbox 169 2647 272 2730; x_wconf 85' lang='lat' dir='ltr'><strong>digna</strong></span> <span class='ocrx_word' id='word_1_196' title='bbox 300 2645 383 2712; x_wconf 85' lang='lat' dir='ltr'><strong>haec</strong></span> <span class='ocrx_word' id='word_1_197' title='bbox 410 2649 597 2713; x_wconf 81' lang='lat' dir='ltr'><strong>ratiuncula.</strong></span> <span class='ocrx_word' id='word_1_198' title='bbox 644 2647 709 2713; x_wconf 89' lang='lat' dir='ltr'><strong>Sed</strong></span> <span class='ocrx_word' id='word_1_199' title='bbox 739 2650 886 2714; x_wconf 91' lang='lat' dir='ltr'><strong>nolumus</strong></span> <span class='ocrx_word' id='word_1_200' title='bbox 906 2652 996 2716; x_wconf 82' lang='lat' dir='ltr'><strong>certi</strong></span> <span class='ocrx_word' id='word_1_201' title='bbox 1024 2652 1197 2734; x_wconf 87' lang='lat' dir='ltr'><strong>quicquam</strong></span> <span class='ocrx_word' id='word_1_202' title='bbox 1219 2652 1287 2717; x_wconf 88' lang='lat' dir='ltr'><strong>sine</strong></span> <span class='ocrx_word' id='word_1_203' title='bbox 1310 2670 1403 2733; x_wconf 85' lang='lat' dir='ltr'><strong>argu·</strong></span> 
     </span>
     <span class='ocr_line' id='line_1_23' title="bbox 171 2749 1404 2834; baseline 0.002 -22"><span class='ocrx_word' id='word_1_204' title='bbox 171 2755 352 2814; x_wconf 89' lang='lat' dir='ltr'><strong>mentorum</strong></span> <span class='ocrx_word' id='word_1_205' title='bbox 381 2749 567 2815; x_wconf 90' lang='lat' dir='ltr'><strong>adiumento</strong></span> <span class='ocrx_word' id='word_1_206' title='bbox 598 2750 779 2816; x_wconf 88' lang='lat' dir='ltr'><strong>adfirmare.</strong></span> <span class='ocrx_word' id='word_1_207' title='bbox 833 2751 938 2834; x_wconf 80' lang='lat' dir='ltr'><strong>Legae</strong></span> <span class='ocrx_word' id='word_1_208' title='bbox 969 2753 1099 2819; x_wconf 86' lang='lat' dir='ltr'><strong>loannis</strong></span> <span class='ocrx_word' id='word_1_209' title='bbox 1125 2753 1289 2817; x_wconf 88' lang='lat' dir='ltr'><strong>Laurentii</strong></span> <span class='ocrx_word' id='word_1_210' title='bbox 1319 2751 1404 2834; x_wconf 90' lang='lat' dir='ltr'><strong>Lydi</strong></span> 
     </span>
     <span class='ocr_line' id='line_1_24' title="bbox 168 2844 1404 2937; baseline 0 -22"><span class='ocrx_word' id='word_1_211' title='bbox 168 2844 231 2916; x_wconf 86' lang='lat' dir='ltr'><strong>‘De</strong></span> <span class='ocrx_word' id='word_1_212' title='bbox 254 2844 433 2918; x_wconf 81' lang='lat' dir='ltr'><strong>mensibus&#39;</strong></span> <span class='ocrx_word' id='word_1_213' title='bbox 460 2858 557 2935; x_wconf 86' lang='lat' dir='ltr'><strong>caput</strong></span> <span class='ocrx_word' id='word_1_214' title='bbox 580 2856 634 2918; x_wconf 84' lang='lat'><strong>78:</strong></span> <span class='ocrx_word' id='word_1_215' title='bbox 658 2857 755 2928; x_wconf 70' lang='grc' dir='ltr'><strong><em>θεῖος</em></strong></span> <span class='ocrx_word' id='word_1_216' title='bbox 777 2845 794 2916; x_wconf 84' lang='grc' dir='ltr'><strong><em>δ</em></strong></span> <span class='ocrx_word' id='word_1_217' title='bbox 820 2854 878 2936; x_wconf 80' lang='grc' dir='ltr'><strong><em>τῆς</em></strong></span> <span class='ocrx_word' id='word_1_218' title='bbox 901 2850 1054 2929; x_wconf 79' lang='grc' dir='ltr'><strong><em>ἐννεάδος</em></strong></span> <span class='ocrx_word' id='word_1_219' title='bbox 1075 2847 1224 2937; x_wconf 71' lang='grc' dir='ltr'><strong><em>ἀριθμὸς</em></strong></span> <span class='ocrx_word' id='word_1_220' title='bbox 1247 2851 1281 2917; x_wconf 87' lang='grc' dir='ltr'><strong>ἐκ</strong></span> <span class='ocrx_word' id='word_1_221' title='bbox 1303 2855 1404 2937; x_wconf 84' lang='grc' dir='ltr'><strong><em>τριιῡν</em></strong></span> 
     </span>
     <span class='ocr_line' id='line_1_25' title="bbox 170 2945 1461 3040; baseline 0.002 -24"><span class='ocrx_word' id='word_1_222' title='bbox 170 2951 318 3034; x_wconf 86' lang='grc' dir='ltr'><strong><em>τριάδων</em></strong></span> <span class='ocrx_word' id='word_1_223' title='bbox 341 2952 571 3039; x_wconf 80' lang='grc' dir='ltr'><strong><em>πληρούμενος</em></strong></span> <span class='ocrx_word' id='word_1_224' title='bbox 593 2955 648 3019; x_wconf 82' lang='grc' dir='ltr'><strong>καὶ</strong></span> <span class='ocrx_word' id='word_1_225' title='bbox 670 2952 731 3029; x_wconf 81' lang='grc' dir='ltr'><strong><em>τὰς</em></strong></span> <span class='ocrx_word' id='word_1_226' title='bbox 754 2945 939 3040; x_wconf 78' lang='grc' dir='ltr'><strong><em>ἀκρότητας</em></strong></span> <span class='ocrx_word' id='word_1_227' title='bbox 961 2956 1019 3039; x_wconf 75' lang='grc' dir='ltr'><strong><em>της</em></strong></span> <span class='ocrx_word' id='word_1_228' title='bbox 1035 2957 1215 3038; x_wconf 67' lang='grc' dir='ltr'><strong><em>θεολογίας</em></strong></span> <span class='ocrx_word' id='word_1_229' title='bbox 1236 2952 1321 3019; x_wconf 84' lang='grc' dir='ltr'><strong><em>κατὰ</em></strong></span> <span class='ocrx_word' id='word_1_230' title='bbox 1343 2951 1403 3038; x_wconf 78' lang='grc' dir='ltr'><strong><em>τὴν</em></strong></span> <span class='ocrx_word' id='word_1_231' title='bbox 1459 3016 1461 3019; x_wconf 82' lang='grc'><strong>,</strong></span> 
     </span>
     <span class='ocr_line' id='line_1_26' title="bbox 171 3046 1404 3143; baseline 0.002 -25"><span class='ocrx_word' id='word_1_232' title='bbox 171 3051 369 3136; x_wconf 76' lang='grc' dir='ltr'><strong><em>Χαλδαῑκὴν</em></strong></span> <span class='ocrx_word' id='word_1_233' title='bbox 391 3056 609 3141; x_wconf 83' lang='grc' dir='ltr'><strong><em>φιλοσοφίαν,</em></strong></span> <span class='ocrx_word' id='word_1_234' title='bbox 633 3046 678 3130; x_wconf 76' lang='grc' dir='ltr'><strong>ὥς</strong></span> <span class='ocrx_word' id='word_1_235' title='bbox 701 3076 787 3141; x_wconf 82' lang='grc' dir='ltr'><strong><em>φησι</em></strong></span> <span class='ocrx_word' id='word_1_236' title='bbox 802 3055 1009 3143; x_wconf 83' lang='grc' dir='ltr'><strong><em>Πορφάριος,</em></strong></span> <span class='ocrx_word' id='word_1_237' title='bbox 1035 3049 1231 3140; x_wconf 72' lang='grc' dir='ltr'><strong><em>άποσηίζιον.</em></strong></span> <span class='ocrx_word' id='word_1_238' title='bbox 1268 3056 1404 3121; x_wconf 71' lang='lat' dir='ltr'><strong>CRATES</strong></span> 
     </span>
     <span class='ocr_line' id='line_1_27' title="bbox 172 3155 1404 3240; baseline -0.002 -18"><span class='ocrx_word' id='word_1_239' title='bbox 172 3155 408 3223; x_wconf 84' lang='lat' dir='ltr'><strong>Chaldaeorum</strong></span> <span class='ocrx_word' id='word_1_240' title='bbox 438 3159 572 3223; x_wconf 86' lang='lat' dir='ltr'><strong>scientia</strong></span> <span class='ocrx_word' id='word_1_241' title='bbox 600 3160 795 3240; x_wconf 86' lang='lat' dir='ltr'><strong>astrologica</strong></span> <span class='ocrx_word' id='word_1_242' title='bbox 824 3159 979 3224; x_wconf 91' lang='lat' dir='ltr'><strong>imbutum</strong></span> <span class='ocrx_word' id='word_1_243' title='bbox 1003 3159 1178 3222; x_wconf 88' lang='lat' dir='ltr'><strong>Homerum</strong></span> <span class='ocrx_word' id='word_1_244' title='bbox 1209 3177 1279 3224; x_wconf 89' lang='lat' dir='ltr'><strong>esse</strong></span> <span class='ocrx_word' id='word_1_245' title='bbox 1302 3158 1404 3222; x_wconf 86' lang='lat' dir='ltr'><strong>voluit</strong></span> 
     </span>
     <span class='ocr_line' id='line_1_28' title="bbox 173 3257 1402 3343; baseline 0.001 -20"><span class='ocrx_word' id='word_1_246' title='bbox 173 3257 406 3334; x_wconf 81' lang='lat' dir='ltr'><strong>(Wachsmuth.</strong></span> <span class='ocrx_word' id='word_1_247' title='bbox 423 3279 453 3343; x_wconf 89' lang='lat' dir='ltr'><strong>p.</strong></span> <span class='ocrx_word' id='word_1_248' title='bbox 467 3261 530 3343; x_wconf 87' lang='lat'>41),</span> <span class='ocrx_word' id='word_1_249' title='bbox 547 3260 599 3325; x_wconf 88' lang='lat' dir='ltr'><strong>vel</strong></span> <span class='ocrx_word' id='word_1_250' title='bbox 615 3261 744 3323; x_wconf 89' lang='lat' dir='ltr'><strong>natione</strong></span> <span class='ocrx_word' id='word_1_251' title='bbox 756 3260 956 3326; x_wconf 81' lang='lat' dir='ltr'><strong>Chaldaeum</strong></span> <span class='ocrx_word' id='word_1_252' title='bbox 971 3259 1104 3324; x_wconf 88' lang='lat' dir='ltr'><strong>mirifice</strong></span> <span class='ocrx_word' id='word_1_253' title='bbox 1121 3259 1286 3325; x_wconf 78' lang='lat' dir='ltr'><strong>contendit</strong></span> <span class='ocrx_word' id='word_1_254' title='bbox 1302 3259 1402 3324; x_wconf 89' lang='lat' dir='ltr'><strong>Zeno-</strong></span> 
     </span>
     <span class='ocr_line' id='line_1_29' title="bbox 173 3360 1402 3443; baseline -0.001 -18"><span class='ocrx_word' id='word_1_255' title='bbox 173 3360 266 3426; x_wconf 90' lang='lat' dir='ltr'><strong>dotus</strong></span> <span class='ocrx_word' id='word_1_256' title='bbox 289 3361 471 3426; x_wconf 88' lang='lat' dir='ltr'><strong>Crateteus:</strong></span> <span class='ocrx_word' id='word_1_257' title='bbox 494 3369 637 3426; x_wconf 86' lang='lat' dir='ltr'><strong>sanctam</strong></span> <span class='ocrx_word' id='word_1_258' title='bbox 654 3360 891 3426; x_wconf 79' lang='lat' dir='ltr'><strong>Chaldaeorum</strong></span> <span class='ocrx_word' id='word_1_259' title='bbox 908 3360 1055 3427; x_wconf 85' lang='lat' dir='ltr'><strong>enneade</strong></span> <span class='ocrx_word' id='word_1_260' title='bbox 1070 3362 1253 3443; x_wconf 85' lang='lat' dir='ltr'><strong>applicasse</strong></span> <span class='ocrx_word' id='word_1_261' title='bbox 1276 3367 1310 3425; x_wconf 90' lang='lat' dir='ltr'><strong>ut</strong></span> <span class='ocrx_word' id='word_1_262' title='bbox 1326 3360 1402 3425; x_wconf 91' lang='lat' dir='ltr'><strong>Por-</strong></span> 
     </span>
     <span class='ocr_line' id='line_1_30' title="bbox 172 3460 1402 3546; baseline -0.001 -20"><span class='ocrx_word' id='word_1_263' title='bbox 172 3461 323 3546; x_wconf 85' lang='lat' dir='ltr'><strong>phyrium</strong></span> <span class='ocrx_word' id='word_1_264' title='bbox 338 3462 506 3539; x_wconf 77' lang='lat' dir='ltr'><strong>Plotino²⁰l</strong></span> <span class='ocrx_word' id='word_1_265' title='bbox 529 3463 574 3528; x_wconf 89' lang='lat' dir='ltr'><strong>ita</strong></span> <span class='ocrx_word' id='word_1_266' title='bbox 589 3462 731 3529; x_wconf 89' lang='lat' dir='ltr'><strong>Homero</strong></span> <span class='ocrx_word' id='word_1_267' title='bbox 747 3463 933 3528; x_wconf 70' lang='lat' dir='ltr'><strong>Cannarum</strong></span> <span class='ocrx_word' id='word_1_268' title='bbox 953 3484 1029 3527; x_wconf 92' lang='lat' dir='ltr'><strong>num</strong></span> <span class='ocrx_word' id='word_1_269' title='bbox 1045 3463 1235 3528; x_wconf 88' lang='lat' dir='ltr'><strong>incredibile</strong></span> <span class='ocrx_word' id='word_1_270' title='bbox 1251 3460 1402 3527; x_wconf 79' lang='lat' dir='ltr'><strong>omnino?</strong></span> 
     </span>
    </p>

    <p class='ocr_par' dir='ltr' id='par_1_4' title="bbox 256 3556 1402 3650">
     <span class='ocr_line' id='line_1_31' title="bbox 256 3556 1402 3650; baseline -0.003 -20"><span class='ocrx_word' id='word_1_271' title='bbox 256 3564 426 3646; x_wconf 83' lang='lat' dir='ltr'><strong>Pergimus</strong></span> <span class='ocrx_word' id='word_1_272' title='bbox 454 3564 496 3629; x_wconf 89' lang='lat' dir='ltr'><strong>ad</strong></span> <span class='ocrx_word' id='word_1_273' title='bbox 516 3556 699 3630; x_wconf 81' lang='lat' dir='ltr'><strong>‘Heracliti&#39;</strong></span> <span class='ocrx_word' id='word_1_274' title='bbox 726 3586 751 3630; x_wconf 90' lang='lat' dir='ltr'><strong>c.</strong></span> <span class='ocrx_word' id='word_1_275' title='bbox 769 3569 825 3630; x_wconf 80' lang='lat'><strong>49:</strong></span> <span class='ocrx_word' id='word_1_276' title='bbox 855 3563 1232 3650; x_wconf 72' lang='grc' dir='ltr'><strong><em>διακριβολογησάμενος</em></strong></span> <span class='ocrx_word' id='word_1_277' title='bbox 1255 3557 1284 3626; x_wconf 75' lang='grc' dir='ltr'><strong>δ’</strong></span> <span class='ocrx_word' id='word_1_278' title='bbox 1316 3557 1402 3647; x_wconf 76' lang='grc' dir='ltr'><strong><em>ὑπὲρ</em></strong></span> 
     </span>
    </p>
   </div>
   <div class='ocr_carea' id='block_1_4' title="bbox 173 3707 1403 4382">
    <p class='ocr_par' dir='ltr' id='par_1_5' title="bbox 173 3707 1403 3957">
     <span class='ocr_line' id='line_1_32' title="bbox 257 3707 1403 3782; baseline -0.002 -14"><span class='ocrx_word' id='word_1_279' title='bbox 257 3715 291 3779; x_wconf 75' lang='lat'><strong>²⁴)</strong></span> <span class='ocrx_word' id='word_1_280' title='bbox 309 3714 351 3768; x_wconf 90' lang='lat' dir='ltr'><strong>De</strong></span> <span class='ocrx_word' id='word_1_281' title='bbox 375 3712 522 3767; x_wconf 89' lang='lat' dir='ltr'><strong>carminum</strong></span> <span class='ocrx_word' id='word_1_282' title='bbox 546 3712 751 3769; x_wconf 87' lang='lat' dir='ltr'><strong>Homericorum</strong></span> <span class='ocrx_word' id='word_1_283' title='bbox 775 3712 905 3767; x_wconf 86' lang='lat' dir='ltr'><strong>divisione</strong></span> <span class='ocrx_word' id='word_1_284' title='bbox 924 3713 958 3767; x_wconf 89' lang='lat' dir='ltr'><strong>cf.</strong></span> <span class='ocrx_word' id='word_1_285' title='bbox 979 3714 1038 3766; x_wconf 89' lang='lat' dir='ltr'><strong>Birt</strong></span> <span class='ocrx_word' id='word_1_286' title='bbox 1056 3731 1082 3782; x_wconf 92' lang='lat' dir='ltr'><strong>p.</strong></span> <span class='ocrx_word' id='word_1_287' title='bbox 1097 3719 1147 3767; x_wconf 78' lang='lat' dir='ltr'><strong>llll</strong></span> <span class='ocrx_word' id='word_1_288' title='bbox 1166 3721 1193 3767; x_wconf 90' lang='lat' dir='ltr'><strong>et</strong></span> <span class='ocrx_word' id='word_1_289' title='bbox 1211 3718 1261 3766; x_wconf 72' lang='grc'><strong>444</strong></span> <span class='ocrx_word' id='word_1_290' title='bbox 1278 3713 1335 3777; x_wconf 85' lang='lat' dir='ltr'><strong>(ubi</strong></span> <span class='ocrx_word' id='word_1_291' title='bbox 1353 3707 1403 3782; x_wconf 69' lang='grc' dir='ltr'><strong><em>τὴν</em></strong></span> 
     </span>
     <span class='ocr_line' id='line_1_33' title="bbox 173 3792 1403 3871; baseline -0.004 -16"><span class='ocrx_word' id='word_1_292' title='bbox 173 3796 355 3871; x_wconf 82' lang='grc' dir='ltr'><strong><em>πολύστιχον,</em></strong></span> <span class='ocrx_word' id='word_1_293' title='bbox 368 3797 431 3851; x_wconf 79' lang='lat' dir='ltr'><strong>ecil.</strong></span> <span class='ocrx_word' id='word_1_294' title='bbox 450 3793 640 3869; x_wconf 79' lang='grc' dir='ltr'><strong><em>μονάβιβλον,</em></strong></span> <span class='ocrx_word' id='word_1_295' title='bbox 658 3799 758 3852; x_wconf 90' lang='lat' dir='ltr'><strong>dictam</strong></span> <span class='ocrx_word' id='word_1_296' title='bbox 771 3799 851 3852; x_wconf 89' lang='lat' dir='ltr'><strong>docet</strong></span> <span class='ocrx_word' id='word_1_297' title='bbox 870 3802 900 3850; x_wconf 91' lang='lat' dir='ltr'><strong>ut</strong></span> <span class='ocrx_word' id='word_1_298' title='bbox 917 3797 993 3851; x_wconf 85' lang='lat' dir='ltr'><strong>libris</strong></span> <span class='ocrx_word' id='word_1_299' title='bbox 1006 3797 1292 3867; x_wconf 85' lang='lat' dir='ltr'><strong>duodequinquaginta</strong></span> <span class='ocrx_word' id='word_1_300' title='bbox 1310 3792 1403 3867; x_wconf 79' lang='grc' dir='ltr'><strong><em>ὀλιγο-</em></strong></span> 
     </span>
     <span class='ocr_line' id='line_1_34' title="bbox 175 3877 1122 3957; baseline -0.001 -17"><span class='ocrx_word' id='word_1_301' title='bbox 175 3887 284 3957; x_wconf 86' lang='grc' dir='ltr'><strong><em>στίχοις</em></strong></span> <span class='ocrx_word' id='word_1_302' title='bbox 301 3882 428 3952; x_wconf 74' lang='lat' dir='ltr'><strong>opposita</strong></span> <span class='ocrx_word' id='word_1_303' title='bbox 447 3883 492 3948; x_wconf 82' lang='lat' dir='ltr'><strong>sit)</strong></span> <span class='ocrx_word' id='word_1_304' title='bbox 511 3888 539 3937; x_wconf 89' lang='lat' dir='ltr'><strong>et</strong></span> <span class='ocrx_word' id='word_1_305' title='bbox 556 3883 735 3938; x_wconf 84' lang='lat' dir='ltr'><strong>Wilamowitz</strong></span> <span class='ocrx_word' id='word_1_306' title='bbox 749 3879 843 3937; x_wconf 87' lang='lat' dir='ltr'><strong>‘Hom</strong></span> <span class='ocrx_word' id='word_1_307' title='bbox 862 3877 978 3936; x_wconf 86' lang='lat' dir='ltr'><strong>Unters.&#39;</strong></span> <span class='ocrx_word' id='word_1_308' title='bbox 997 3901 1024 3952; x_wconf 91' lang='lat' dir='ltr'><strong>p.</strong></span> <span class='ocrx_word' id='word_1_309' title='bbox 1037 3887 1122 3939; x_wconf 66' lang='lat'><strong>369⁰.</strong></span> 
     </span>
    </p>

    <p class='ocr_par' dir='ltr' id='par_1_6' title="bbox 174 3957 1401 4130">
     <span class='ocr_line' id='line_1_35' title="bbox 255 3957 1401 4040; baseline -0.003 -18"><span class='ocrx_word' id='word_1_310' title='bbox 255 3971 289 4034; x_wconf 76' lang='lat'><strong>²⁶)</strong></span> <span class='ocrx_word' id='word_1_311' title='bbox 308 3967 422 4024; x_wconf 85' lang='lat' dir='ltr'><strong>Notavit</strong></span> <span class='ocrx_word' id='word_1_312' title='bbox 438 3968 610 4023; x_wconf 81' lang='lat' dir='ltr'><strong>Aristonicus</strong></span> <span class='ocrx_word' id='word_1_313' title='bbox 623 3969 707 4022; x_wconf 90' lang='lat' dir='ltr'><strong>schol</strong></span> <span class='ocrx_word' id='word_1_314' title='bbox 721 3969 789 4022; x_wconf 89' lang='lat' dir='ltr'><strong>Vcn</strong></span> <span class='ocrx_word' id='word_1_315' title='bbox 805 3971 827 4019; x_wconf 87' lang='lat' dir='ltr'>A</span> <span class='ocrx_word' id='word_1_316' title='bbox 847 3969 882 4022; x_wconf 89' lang='lat' dir='ltr'><strong>ad</strong></span> <span class='ocrx_word' id='word_1_317' title='bbox 900 3968 930 4021; x_wconf 87' lang='lat' dir='ltr'><strong>ll.</strong></span> <span class='ocrx_word' id='word_1_318' title='bbox 946 3968 1019 4022; x_wconf 89' lang='lat' dir='ltr'>VIv.</span> <span class='ocrx_word' id='word_1_319' title='bbox 1036 3975 1098 4023; x_wconf 69' lang='lat'><strong>174:</strong></span> <span class='ocrx_word' id='word_1_320' title='bbox 1118 3965 1236 4040; x_wconf 72' lang='grc' dir='ltr'><strong><em>ἢδιπλῆ,</em></strong></span> <span class='ocrx_word' id='word_1_321' title='bbox 1250 3957 1295 4022; x_wconf 74' lang='grc' dir='ltr'><strong><em>ὅτι</em></strong></span> <span class='ocrx_word' id='word_1_322' title='bbox 1308 3959 1401 4022; x_wconf 78' lang='grc' dir='ltr'><strong><em>εὐεπί-</em></strong></span> 
     </span>
     <span class='ocr_line' id='line_1_36' title="bbox 174 4047 761 4130; baseline -0.003 -19"><span class='ocrx_word' id='word_1_323' title='bbox 174 4051 265 4130; x_wconf 86' lang='grc' dir='ltr'><strong><em>φοράς</em></strong></span> <span class='ocrx_word' id='word_1_324' title='bbox 282 4052 344 4112; x_wconf 82' lang='grc' dir='ltr'><strong><em>ἐστι</em></strong></span> <span class='ocrx_word' id='word_1_325' title='bbox 361 4049 437 4125; x_wconf 86' lang='grc' dir='ltr'><strong><em>πρὸς</em></strong></span> <span class='ocrx_word' id='word_1_326' title='bbox 453 4048 507 4110; x_wconf 85' lang='grc' dir='ltr'><strong><em>τὸν</em></strong></span> <span class='ocrx_word' id='word_1_327' title='bbox 524 4051 607 4110; x_wconf 83' lang='grc' dir='ltr'><strong><em>ἐννέα</em></strong></span> <span class='ocrx_word' id='word_1_328' title='bbox 626 4047 761 4126; x_wconf 77' lang='grc' dir='ltr'><strong><em>άριθμάν.</em></strong></span> 
     </span>
    </p>

    <p class='ocr_par' dir='ltr' id='par_1_7' title="bbox 174 4128 1402 4382">
     <span class='ocr_line' id='line_1_37' title="bbox 256 4128 1402 4210; baseline -0.004 -16"><span class='ocrx_word' id='word_1_329' title='bbox 256 4141 290 4206; x_wconf 79' lang='lat'><strong>²⁶)</strong></span> <span class='ocrx_word' id='word_1_330' title='bbox 305 4134 383 4194; x_wconf 82' lang='lat' dir='ltr'><strong>vita</strong></span> <span class='ocrx_word' id='word_1_331' title='bbox 400 4133 512 4194; x_wconf 90' lang='lat' dir='ltr'><strong>Plotini&#39;</strong></span> <span class='ocrx_word' id='word_1_332' title='bbox 532 4155 555 4192; x_wconf 87' lang='lat' dir='ltr'><strong>e.</strong></span> <span class='ocrx_word' id='word_1_333' title='bbox 569 4143 602 4192; x_wconf 77' lang='lat'><strong>24</strong></span> <span class='ocrx_word' id='word_1_334' title='bbox 619 4139 675 4208; x_wconf 90' lang='lat' dir='ltr'><strong>Ip.</strong></span> <span class='ocrx_word' id='word_1_335' title='bbox 691 4145 725 4192; x_wconf 79' lang='lat'><strong>24</strong></span> <span class='ocrx_word' id='word_1_336' title='bbox 742 4140 841 4192; x_wconf 84' lang='lat' dir='ltr'><strong>Mllller</strong></span> <span class='ocrx_word' id='word_1_337' title='bbox 860 4128 935 4194; x_wconf 65' lang='grc' dir='ltr'><strong><em>οὕτω</em></strong></span> <span class='ocrx_word' id='word_1_338' title='bbox 952 4133 983 4208; x_wconf 78' lang='grc' dir='ltr'><strong>δὴ</strong></span> <span class='ocrx_word' id='word_1_339' title='bbox 1002 4143 1050 4195; x_wconf 87' lang='grc' dir='ltr'><strong>καὶ</strong></span> <span class='ocrx_word' id='word_1_340' title='bbox 1068 4134 1124 4210; x_wconf 78' lang='grc' dir='ltr'><strong>ἐγὼ</strong></span> <span class='ocrx_word' id='word_1_341' title='bbox 1144 4131 1322 4206; x_wconf 81' lang='grc' dir='ltr'><strong><em>πεντήκοντα</em></strong></span> <span class='ocrx_word' id='word_1_342' title='bbox 1341 4135 1402 4190; x_wconf 81' lang='grc' dir='ltr'><strong><em>τέσ-</em></strong></span> 
     </span>
     <span class='ocr_line' id='line_1_38' title="bbox 174 4217 1402 4298; baseline -0.003 -19"><span class='ocrx_word' id='word_1_343' title='bbox 174 4243 245 4298; x_wconf 88' lang='grc' dir='ltr'><strong><em>σαρα</em></strong></span> <span class='ocrx_word' id='word_1_344' title='bbox 272 4220 346 4282; x_wconf 81' lang='grc' dir='ltr'><strong><em>ὄντα</em></strong></span> <span class='ocrx_word' id='word_1_345' title='bbox 369 4219 443 4296; x_wconf 80' lang='grc' dir='ltr'><strong><em>ἔχων</em></strong></span> <span class='ocrx_word' id='word_1_346' title='bbox 465 4218 500 4280; x_wconf 86' lang='grc' dir='ltr'><strong><em>τά</em></strong></span> <span class='ocrx_word' id='word_1_347' title='bbox 526 4227 577 4280; x_wconf 82' lang='grc' dir='ltr'><strong><em>τοῦ</em></strong></span> <span class='ocrx_word' id='word_1_348' title='bbox 603 4227 750 4280; x_wconf 82' lang='grc' dir='ltr'><strong><em>Πλωτίνοο</em></strong></span> <span class='ocrx_word' id='word_1_349' title='bbox 771 4222 869 4296; x_wconf 84' lang='grc' dir='ltr'><strong><em>βιβλία</em></strong></span> <span class='ocrx_word' id='word_1_350' title='bbox 893 4227 998 4279; x_wconf 80' lang='grc' dir='ltr'><strong><em>διεῖλον</em></strong></span> <span class='ocrx_word' id='word_1_351' title='bbox 1021 4223 1074 4291; x_wconf 82' lang='grc' dir='ltr'><strong>μὲν</strong></span> <span class='ocrx_word' id='word_1_352' title='bbox 1098 4222 1138 4288; x_wconf 87' lang='grc' dir='ltr'><strong><em>εἰς</em></strong></span> <span class='ocrx_word' id='word_1_353' title='bbox 1161 4218 1192 4288; x_wconf 72' lang='grc' dir='ltr'><strong>ἐξ</strong></span> <span class='ocrx_word' id='word_1_354' title='bbox 1215 4217 1350 4286; x_wconf 86' lang='grc' dir='ltr'><strong><em>έννεάδας</em></strong></span> <span class='ocrx_word' id='word_1_355' title='bbox 1368 4224 1402 4290; x_wconf 78' lang='grc' dir='ltr'><strong><em>τῇ</em></strong></span> 
     </span>
     <span class='ocr_line' id='line_1_39' title="bbox 174 4303 1196 4382; baseline -0.004 -20"><span class='ocrx_word' id='word_1_356' title='bbox 174 4307 326 4382; x_wconf 85' lang='grc' dir='ltr'><strong><em>τελειότητι</em></strong></span> <span class='ocrx_word' id='word_1_357' title='bbox 345 4313 398 4366; x_wconf 85' lang='grc' dir='ltr'><strong><em>τοῦ</em></strong></span> <span class='ocrx_word' id='word_1_358' title='bbox 415 4305 447 4376; x_wconf 77' lang='grc' dir='ltr'><strong>ἐξ</strong></span> <span class='ocrx_word' id='word_1_359' title='bbox 462 4303 589 4380; x_wconf 74' lang='grc' dir='ltr'><strong><em>άριθμοῦ</em></strong></span> <span class='ocrx_word' id='word_1_360' title='bbox 606 4311 654 4364; x_wconf 79' lang='grc' dir='ltr'><strong>καὶ</strong></span> <span class='ocrx_word' id='word_1_361' title='bbox 672 4317 734 4372; x_wconf 88' lang='grc' dir='ltr'><strong><em>ταῖς</em></strong></span> <span class='ocrx_word' id='word_1_362' title='bbox 751 4305 880 4364; x_wconf 85' lang='grc' dir='ltr'><strong><em>έννεάσιν</em></strong></span> <span class='ocrx_word' id='word_1_363' title='bbox 898 4303 1029 4376; x_wconf 84' lang='grc' dir='ltr'><strong><em>άσμένος</em></strong></span> <span class='ocrx_word' id='word_1_364' title='bbox 1047 4303 1196 4376; x_wconf 76' lang='grc' dir='ltr'><strong><em>ἐπιτυχών.</em></strong></span> 
     </span>
    </p>
   </div>
   <div class='ocr_carea' id='block_1_5' title="bbox 0 0 1592 5160">
    <p class='ocr_par' dir='ltr' id='par_1_8' title="bbox 0 0 1592 5160">
     <span class='ocr_line' id='line_1_40' title="bbox 0 0 1592 5160; baseline 0 0"><span class='ocrx_word' id='word_1_365' title='bbox 0 0 1592 5160; x_wconf 95' lang='lat' dir='ltr'><strong> </strong></span> 
     </span>
    </p>
   </div>
  </div>
 </body>
</html>
