3174 5160
221 1252 368 1353 Achillis
397 1289 479 1354 liber
507 1290 644 1354 Arateus
674 1287 799 1352 duobus
833 1287 997 1353 codicibus
1032 1288 1148 1354 italicis
1180 1291 1367 1376 continetur,
1417 1347 1419 1353 .

130 1389 280 1455 Mediceo
308 1391 388 1473 plut.
412 1390 556 1455 XXVIII
579 1394 619 1452 44
649 1397 681 1454 et
703 1389 859 1454 Vaticano
885 1392 954 1454 191.
1007 1389 1158 1455 Codicem
1186 1391 1367 1458 Mediceum

131 1492 231 1556 Petro
254 1491 395 1557 Victorio
426 1512 498 1558 oum
528 1491 701 1557 editionem
732 1489 869 1556 Achillis
899 1497 931 1556 et
963 1492 1141 1574 principem
1176 1499 1208 1583 et
1240 1495 1367 1561 unicam

130 1595 318 1660 Florentiae
340 1613 424 1658 anno
450 1597 531 1658 1567
561 1593 732 1659 adornaret
760 1598 888 1676 praesto
918 1594 1016 1660 fuisse
1045 1596 1112 1659 fere
1135 1596 1238 1660 solum
1262 1597 1367 1662 conf-

130 1695 233 1761 rendo
254 1697 487 1778 perspeximus.
526 1689 664 1777 ‘Magnis
684 1696 740 1759 ille
763 1696 1025 1778 occupationibus
1048 1697 1221 1779 impeditus
1244 1705 1276 1763 et
1292 1701 1368 1781 quia

131 1798 318 1863 satisfacere
351 1797 477 1880 cupidis
511 1796 605 1863 huius
638 1788 790 1862 auctoris'
822 1818 885 1862 non
918 1804 1043 1879 posset,
1077 1800 1139 1865 nisi
1173 1800 1276 1882 ipsum
1310 1821 1368 1867 sua
1445 1877 1447 1880 .
1496 1856 1499 1864 ,

130 1901 244 1981 lingua
266 1900 449 1982 loquentem
479 1901 542 1965 cito
566 1899 781 1982 divulgasset,
813 1900 845 1963 in
872 1898 1020 1963 obeundo
1048 1920 1179 1966 munere
1203 1922 1266 1966 non
1296 1922 1368 1968 eam

129 2020 166 2067 se
190 2003 387 2083 praestitisse
409 2022 516 2067 curam
540 2021 598 2067 suo
620 2002 691 2084 ipse
707 2001 892 2065 vadimonio
915 2004 1079 2084 praefatus
1102 2002 1279 2088 confitetur,
1303 2024 1368 2085 qua

132 2105 361 2169 consuevisset.
407 2104 566 2169 Perfacile
589 2104 686 2185 igitur
708 2100 846 2186 Iosepho
869 2103 957 2170 Iusto
980 2103 1145 2186 Scaligero
1173 2105 1366 2170 emendandi

130 2203 275 2269 reddidit
302 2207 476 2286 negotium.
521 2205 696 2287 Exemplar
726 2205 876 2272 editionis
899 2205 1103 2272 Florentinae
1130 2209 1214 2274 notis
1237 2214 1269 2273 et
1299 2228 1366 2274 cor·

130 2306 325 2372 rectionibus
342 2306 499 2389 Scaligeri
522 2313 667 2371 ornatum
683 2327 754 2372 curn
771 2307 883 2374 fuisset
906 2327 947 2372 ex
961 2308 1070 2390 legato
1088 2309 1216 2374 Danieli
1232 2309 1366 2376 Heinsio

129 2407 293 2489 traditum,
318 2408 447 2473 tandem
469 2410 503 2473 in
527 2408 757 2474 bibliothecam
780 2411 874 2475 aulae
893 2411 1092 2476 Vinariensis
1115 2410 1295 2479 traductum
1319 2418 1368 2478 cst

129 2509 217 2574 etin
242 2511 427 2577 Villoisonis
450 2531 563 2576 manus
585 2511 708 2594 incidit,
732 2513 786 2592 qui
810 2511 1019 2593 Scaligerana
1041 2532 1125 2577 anno
1152 2516 1233 2578 1783
1257 2514 1367 2580 'Porioi

128 2611 163 2674 in
192 2604 358 2693 ‘Epistulis
388 2605 643 2679 Vinariensibus'
668 2632 700 2695 p.
718 2616 757 2677 78
770 2633 840 2695 sqq.
863 2614 1051 2696 publicavit.
1097 2616 1138 2679 Et
1165 2616 1228 2698 ipsi
1257 2622 1292 2681 ut
1321 2616 1366 2679 in-

129 2713 256 2795 spicere
286 2712 366 2779 haeo
388 2735 572 2798 possemus,
600 2734 659 2798 per
681 2715 819 2780 Gilberti
841 2716 942 2780 nostri
970 2715 1188 2782 bibliothecae
1211 2718 1366 2800 praefecti

128 2815 391 2882 benevolentiam
407 2817 659 2900 impetravimus.
698 2817 823 2882 Pendet
837 2837 858 2881 a
873 2817 1058 2883 Victoriana
1075 2818 1215 2885 editione
1228 2813 1365 2885 ‘Urano-

129 2909 265 2999 logium’
291 2918 423 2984 Parisiis
446 2939 529 2985 anno
548 2923 629 2984 1630
652 2919 823 2985 aPetavio
847 2917 1003 3001 Scaligeri
1027 2921 1249 2987 inimicissimo
1273 2921 1365 2986 enuis-

129 3039 202 3084 sum
224 3039 255 3102 p.
274 3023 331 3083 121
346 3040 427 3103 sqq,
450 3042 470 3086 a
492 3022 627 3087 Petavio
651 3022 813 3104 MIgneus‚
844 3022 898 3103 qui
926 3041 1016 3086 mero
1047 3041 1139 3088 casus
1169 3021 1309 3086 ludibrio
1332 3030 1367 3086 ut

128 3121 162 3184 in
184 3113 401 3203 ‘Patrologiae
430 3143 567 3206 graecae
590 3144 701 3190 cursus
724 3115 886 3206 completi'
914 3125 977 3188 vol.
995 3123 1076 3187 XIX
1099 3124 1244 3199 (Parisiis
1269 3124 1366 3204 1857)

127 3243 159 3305 p.
178 3226 241 3287 934
256 3243 325 3306 sqq.
349 3225 402 3289 vel
431 3224 493 3291 hoc
522 3226 718 3311 opusculum
739 3227 897 3307 reciperet
925 3225 1020 3291 simul
1050 3244 1120 3290 curn
1145 3224 1271 3289 Petavii
1295 3244 1365 3289 ver·

130 3327 222 3390 sione
245 3326 346 3391 latina
367 3327 525 3394 adductus
549 3331 632 3402 σεῖ’).

216 3428 404 3504 Mtedioeus)
434 3450 458 3496 s.
481 3430 543 3495 XV
572 3428 760 3495 chartaceus
791 3432 827 3493 8⁰
855 3450 913 3496 sex
943 3429 1042 3494 libros
1071 3427 1242 3493 libellosve
1270 3428 1365 3493 rubro
1477 3502 1490 3516 ⁵

128 3535 307 3594 atramento
330 3532 376 3595 ita
397 3533 566 3614 inscriptos
591 3532 846 3615 comprehendit:

322 3632 378 3697 fol.
402 3638 416 3696 1
454 3634 532 3716 περὶ
560 3635 627 3696 τῶν
659 3631 827 3713 κλιμάτων
856 3635 914 3718 τῆς
941 3635 1016 3718 γῆς,
1047 3630 1080 3696 ἐν
1110 3629 1161 3706 οἷς
1190 3635 1365 3714 συμβαίνει

261 3725 397 3818 αὔξησις
419 3737 475 3800 καὶ
497 3740 638 3816 μείωσις
660 3736 719 3798 τοῦ
742 3739 951 3822 νυχθημέρσυ
975 3731 1126 3809 ἐναλλάξ.

322 3836 378 3902 fol.
395 3837 442 3902 ab
467 3828 688 3918 Ἀδαμαντίσυ
713 3839 877 3922 σοφιστοῦ
900 3839 978 3918 περὶ
1004 3828 1144 3917 ἀνέμων.

221 4002 239 4064 ¹)
257 4000 402 4055 Praefatur
419 4005 459 4056 lta
471 4003 595 4070 Migneus
613 4021 640 4073 p.
655 4010 717 4057 745:
737 4017 806 4072 quae
825 4007 975 4072 sequuntur
993 4003 1128 4068 (absoluto
1147 4001 1277 4065 Eusebio)
1296 4017 1364 4069 opu-

127 4086 207 4140 scula
225 4086 415 4156 chronologica
440 4092 468 4142 et
490 4091 674 4144 astronomica
696 4107 757 4143 cum
780 4088 854 4156 apud
873 4087 993 4141 erudItos
1017 4088 1126 4156 plurimi
1150 4088 1258 4140 valeant
1279 4091 1307 4139 et
1330 4086 1363 4139 iis

127 4170 209 4239 quasi
227 4170 403 4226 fundamento
416 4173 538 4228 nitantur
556 4174 713 4240 chronologi
726 4172 872 4227 Christiani
889 4177 993 4226 veteres
1010 4172 1090 4240 (quod
1108 4172 1241 4226 immerito
1260 4172 1363 4225 dictum

127 4271 192 4308 esse
210 4255 292 4308 facile
308 4259 404 4324 patet),
421 4257 500 4311 nobis
517 4257 673 4311 faciendum
689 4257 853 4325 putavaus,
872 4261 903 4311 ut
920 4271 953 4310 ea
970 4257 1159 4311 recuderemus
1178 4263 1228 4311 etc.
