3166 5166
169 336 231 394 314
709 335 861 389 ARATEA

170 511 301 574 minime
330 509 364 573 id
393 510 534 588 curavit,
566 509 652 590 quod
671 501 892 573 ‘multifariam
917 499 1090 573 eruditum'
1122 508 1326 594 (πολυμαθῆ
1348 510 1402 572 καὶ

170 605 308 694 ἄριστον
320 608 486 694 ποιητήν),
503 631 564 675 non
581 610 678 675 modo
695 607 972 693 φιλογράμματον
987 617 1021 675 ut
1032 611 1213 692 Antigonus
1225 611 1403 695 Carystiae,

169 714 248 778 alibi
261 714 331 795 ipse
343 716 477 777 Aratum
493 711 683 776 laudaverat
697 711 916 777 Callimachus
928 732 959 794 p.
973 717 1013 775 54
1026 712 1076 775 W.
1104 711 1176 789 Qua
1192 713 1291 778 laude
1305 715 1402 778 etiam

171 814 257 879 baud
280 814 452 878 mediocris
475 813 654 878 continetur
676 812 816 878 siderum
840 814 990 896 cognitio.
1035 815 1150 897 Neque
1172 817 1272 898 igitur
1293 815 1404 879 abnuit

170 916 229 981 sed
252 917 321 998 ipse
343 914 468 997 flagitat
490 913 708 980 Callimachus
731 934 802 979 earn
826 916 1067 998 epigrammatis
1094 917 1401 1000 interpretationem,

170 1038 265 1100 quam
289 1025 320 1082 et
343 1024 468 1081 veteres
490 1017 636 1098 plerique
659 1024 691 1080 et
713 1036 771 1080 nos
794 1015 1034 1083 defensitanrus.

771 1204 802 1267 Il

254 1324 381 1388 Attalus
410 1331 442 1388 et
465 1320 669 1405 Hipparchus
698 1342 761 1386 non
791 1323 823 1385 in
846 1322 1037 1387 Macedonia
1065 1323 1123 1390 scd
1153 1325 1185 1387 in
1216 1325 1401 1405 regionibus

169 1426 294 1507 graecis
320 1424 412 1489 Arati
432 1414 686 1488 ‘Phaenomena'
720 1443 790 1489 esse
821 1424 952 1489 condita
980 1424 1203 1490 adfirmabant.
1249 1425 1401 1491 Neutrius

169 1533 312 1592 tenemus
342 1527 449 1591 onrnia
478 1531 681 1608 argumenta,
717 1526 832 1608 quibus
860 1527 903 1590 ad
925 1526 1017 1591 illam
1041 1527 1232 1591 sententiam
1254 1527 1401 1610 perducti

170 1635 252 1711 sunt,
276 1648 387 1692 verum
412 1629 452 1694 iis
474 1648 557 1711 quae
581 1629 785 1693 innotuerunt
799 1627 956 1709 plaudere
970 1629 1085 1710 possis.
1123 1628 1204 1693 Inde
1218 1629 1401 1712 plausibile,

168 1737 243 1794 ante
272 1731 332 1795 iter
361 1730 603 1795 Macedonicum
633 1730 695 1794 iam
726 1730 873 1794 confecta
898 1729 998 1795 fuisse
1025 1721 1296 1796 ‘Phaenomena'.
1343 1730 1400 1796 Cui

168 1834 216 1896 rei
238 1832 384 1913 adiungit
406 1831 482 1896 fidei
506 1831 629 1912 aliquid
651 1832 829 1912 Antigonus
845 1830 1010 1914 Carystius
1028 1832 1132 1897 Laert.
1151 1832 1245 1913 Diog.
1262 1831 1324 1896 VII
1343 1835 1400 1896 167

169 1935 223 2010 (=
235 1934 461 1998 Wilarnowitz.
484 1954 515 2016 p.
536 1936 621 2006 lact:
656 1934 711 1996 καὶ
741 1924 813 1995 κατ’
841 1925 943 2015 ἀρχὰς
971 1932 1030 2013 μὲν
1054 1930 1334 2018 φιλογράμματος
1355 1922 1400 1996 ὢν

167 2034 403 2109 παντοδαποῖς
426 2031 618 2119 ἐπεχείρησε
640 2032 844 2118 ποιήμασιν,
872 2032 991 2098 ἔπειτα
1015 2033 1051 2098 δὲ
1073 2035 1129 2098 καὶ
1151 2028 1293 2117 Ἄρατον
1316 2027 1400 2099 due-

169 2136 280 2216 δέχετο
305 2135 408 2222 ζηλῶν
432 2129 542 2201 αὐτόν.
588 2137 696 2202 Genus
719 2137 909 2202 litterarium
932 2135 1098 2220 Carystius
1127 2137 1211 2202 dixit
1238 2138 1340 2221 illud,
1369 2140 1401 2203 in

169 2261 232 2322 quo
255 2239 426 2322 postmodo
449 2259 520 2305 sese
544 2239 741 2304 exercuisset
762 2239 937 2320 Dionysius
960 2239 1141 2320 Transfuga
1168 2241 1288 2306 stoicus
1310 2240 1401 2306 Arati

168 2344 318 2424 exemplo
348 2351 533 2407 commotus.
576 2331 831 2406 ‘Phaenomena'
859 2346 1012 2421 quantum
1036 2340 1136 2405 Stoici
1166 2341 1400 2425 adamaverint,

170 2445 374 2508 manifestum
399 2443 448 2518 (of.
466 2463 497 2524 p.
517 2443 600 2517 163).
638 2442 733 2507 Adde
756 2442 842 2524 quod
866 2445 897 2506 in
921 2443 1016 2507 rebus
1039 2444 1263 2509 astronomicis
1278 2444 1399 2527 Diony·

169 2546 250 2610 sium
275 2548 391 2608 Aratus
414 2544 538 2627 etipse
561 2543 710 2609 erudivit.
754 2544 835 2608 Inde
864 2552 921 2608 aut
948 2544 1063 2608 fallunt
1085 2545 1193 2609 omnia
1215 2551 1271 2609 aut
1294 2546 1399 2627 editis,

167 2648 353 2728 priusquam
377 2646 569 2728 Dionysium
599 2647 793 2723 institueret,
818 2636 1081 2711 ‘Phaenomenis'
1116 2648 1252 2729 gloriam
1282 2649 1400 2713 Aratus

167 2754 236 2811 erat
258 2759 455 2812 consecutus.
492 2748 531 2810 ut
553 2748 703 2811 subvenit
716 2748 860 2812 Avienus
882 2768 913 2812 v.
931 2750 971 2810 46
984 2766 1053 2829 sqq.
1077 2749 1109 2810 in
1132 2751 1297 2830 prooemio
1325 2755 1400 2832 (quo

166 2851 330 2931 prooemio
353 2849 448 2913 facile
472 2857 521 2913 est
544 2849 654 2913 videre
677 2849 901 2914 Lucretianum
925 2849 1054 2931 Epicuri
1080 2851 1219 2931 elogium
1243 2850 1398 2915 imitando

166 2949 303 3032 effingi):

164 3065 194 3111 46
292 3049 459 3134 Deur'que
481 3071 525 3111 ue
546 3050 690 3133 louguru
714 3048 904 3112 uroreeutr'o
928 3049 1030 3112 eorda
1053 3048 1207 3112 cocereut

293 3151 534 3236 ruuudour'que
557 3157 654 3216 ortus
676 3172 772 3213 rueus
795 3150 972 3214 r'rumeruor
994 3150 1110 3214 omur'o
1133 3150 1261 3213 seusr'ru

293 3253 380 3317 or'lio
403 3254 593 3339 eouer'peret
614 3274 724 3337 uepue
745 3274 781 3315 se
802 3253 1007 3315 subduceret
1028 3275 1186 3336 uuquoru

163 3370 193 3418 49
283 3354 405 3439 soutr's
428 3355 467 3418 r'u
489 3355 628 3418 oeterur'
640 3353 839 3439 prr'ruoru'r'o
864 3403 939 3417 ....

163 3471 192 3520 53
291 3456 348 3519 lrr'e
364 3460 529 3542 (Iuppiter)
545 3457 704 3541 prr'ruuru
723 3455 848 3520 Cur‘u'r'r'
861 3456 1005 3519 rodruru
1026 3455 1121 3519 seur's
1144 3455 1272 3520 rutulio
1293 3456 1400 3521 ostris

292 3559 538 3643 mortalemque
560 3559 660 3644 loqur
678 3558 796 3622 docuit
816 3579 965 3621 convexo
988 3561 1140 3633 deorum,

164 3677 192 3724 55
293 3683 356 3724 cur
377 3660 610 3746 Hyperionios
633 3668 720 3746 uepo
743 3660 1025 3746 circumflectere!
1046 3661 1154 3745 ignea,

168 3866 244 3920 libris
262 3868 291 3918 in
305 3865 497 3918 Germaniceos
509 3867 643 3917 translata
660 3866 704 3926 sit,
718 3865 881 3917 dubitamus.
913 3865 1190 3933 Perepistolographi
1203 3863 1275 3918 enim
1292 3868 1398 3935 tempus

167 3956 262 4019 posset
280 3949 338 4002 aeri
355 3950 458 4003 romani
476 3949 505 4002 id
523 3948 607 4003 fuisse
625 3949 770 4016 exemplar,
790 3948 861 4002 unde
879 3949 946 4002 baec
964 3957 1119 4011 manarunt,
1138 3954 1166 4003 et
1179 3949 1341 4004 Germanico
1358 3952 1399 4004 in·

166 4035 308 4089 lustrando
327 4034 498 4087 destinatum,
520 4064 551 4072 -
565 4034 597 4086 In
609 4033 705 4087 Monni
722 4039 895 4088 monumento
914 4033 1067 4088 Trevirensi
1086 4033 1159 4102 quod
1176 4049 1279 4087 senex
1297 4036 1399 4090 Aratus

165 4124 201 4174 ab
219 4118 321 4174 Urania
342 4119 416 4187 globi
441 4119 565 4174 caelestis
591 4119 793 4186 dispositionem
815 4118 908 4182 discit,
931 4117 1007 4171 nihili
1031 4119 1083 4172 hoc
1106 4133 1166 4173 esse
1189 4118 1296 4173 ridetur
1320 4123 1399 4175 stab

165 4205 280 4260 Eudoxo
299 4210 450 4272 sumptum,
469 4205 514 4272 qui
531 4209 675 4274 provectus
693 4210 782 4256 aetate
801 4202 946 4269 divulgavit
959 4194 1191 4255 ‘Phaenomena':
1218 4203 1253 4258 ci.
1274 4218 1334 4272 cap.
1349 4204 1398 4258 Vll

165 4294 193 4342 et
209 4290 331 4344 inferius
