3174 5160
444 377 519 432 VIII.
537 377 589 432 De
608 378 677 433 000
697 379 900 435 POETARUM
918 381 1122 438 SODALIOIO.
1337 383 1401 441 323

169 545 443 632 hypocoristicam
467 570 651 618 concessum
676 555 791 627 estl⁴¹lz
815 555 847 618 in
863 552 909 619 (lo
928 555 1033 620 insula
1049 555 1125 620 olim
1142 557 1306 621 annun
1328 576 1400 621 cum

170 649 272 715 Arato
295 650 417 716 vixisse
439 651 584 734 adparet.
631 653 688 718 Sin
718 655 823 722 minue
853 656 981 738 licebit,
1010 676 1050 722 ne
1080 664 1154 723 tunc
1184 656 1314 740 quidem
1338 656 1405 722 Coa

170 752 338 816 amborum
361 753 522 819 convictio
544 774 602 836 per
623 776 658 822 se
675 757 743 821 veri
760 756 937 823 dissimilis.
969 756 1170 839 Quamquam
1186 757 1403 823 Alexandriae

169 850 336 919 ldeinekio
365 855 522 922 Rmanus
550 857 749 938 aliquamdiu
780 857 907 940 degisse
935 859 1107 925 videbatur
1139 879 1170 941 p.
1197 862 1273 923 174:
1309 858 1404 920 Nom

169 975 247 1019 cum
281 951 357 1018 eius
388 952 509 1018 studt'o
537 955 770 1039 grommotr'eo
805 956 957 1020 moxr'rne
990 958 1040 1020 od
1070 955 1181 1020 oresio
1209 954 1406 1021 eormt'oom

168 1054 433 1120 Homerr'corum
453 1053 690 1140 pertinerent,
719 1079 790 1120 reon
814 1057 934 1142 potuit
955 1058 1025 1122 olto
1044 1057 1161 1143 focile
1183 1059 1252 1122 loco
1275 1081 1314 1123 eo
1336 1059 1402 1123 sebe

169 1165 369 1243 comparare
389 1157 546 1222 subsedia
569 1157 748 1222 doctrinae
762 1159 1031 1245 studueromqoe
1052 1158 1279 1235 odmr‘m'eulo,
1303 1182 1401 1246 quoe,

170 1259 246 1324 nebi
271 1281 349 1323 eom
376 1257 453 1323 strae
480 1259 651 1323 actorebus
680 1260 846 1345 exemplis
875 1260 1059 1325 temerort'o
1087 1263 1236 1345 quodum
1263 1263 1406 1327 arbritrio

170 1361 209 1425 in
229 1362 382 1425 Homero
404 1361 609 1424 recensendo
627 1367 831 1446 grossetum
862 1383 934 1425 esse
962 1363 1097 1436 credor,
1122 1368 1273 1447 prorsus
1295 1386 1405 1429 neces·

168 1463 267 1528 coreo
298 1469 408 1529 erent.
460 1467 568 1532 Potuit
601 1466 656 1531 ille
688 1467 776 1549 apud
804 1465 888 1532 (loos
922 1467 1052 1549 egregie
1087 1469 1311 1550 (praetervidit
1344 1468 1405 1535 hoc

168 1567 363 1644 ldeinekius)
385 1575 417 1634 et
438 1569 565 1651 paravit
586 1569 642 1650 ibi,
666 1568 692 1632 si
715 1588 779 1633 non
802 1569 897 1633 simul
920 1569 995 1650 alia,
1019 1571 1173 1651 magistro
1192 1568 1321 1636 Phileta
1342 1572 1404 1637 sibi

169 1672 314 1737 criticam
338 1672 448 1753 utique
471 1677 504 1735 et
526 1671 623 1735 etiam
645 1671 806 1753 poetIcam
828 1670 964 1736 fortasse
991 1671 1186 1736 facultatem.
1204 1707 1244 1716 -

256 1771 453 1838 Sollicitavit
474 1771 614 1837 editores
631 1771 724 1836 Vitae
741 1771 879 1837 Arateae
895 1772 939 1836 IV
957 1773 1070 1855 ecloga
1091 1792 1123 1856 p.
1140 1775 1180 1838 60
1196 1773 1262 1837 W.:
1286 1770 1403 1855 συνήκ-

168 1895 256 1958 μασε
279 1864 312 1936 d'
331 1865 538 1957 Ἀλεξάνδρῳ
553 1875 601 1956 τῳ
616 1870 768 1955 Αἰνανλῳ
789 1873 845 1936 καὶ
861 1872 1067 1957 Καλλιμάχῳ
1090 1875 1146 1938 καὶ
1174 1871 1401 1958 Μενάνδρῳ

168 1979 225 2042 καὶ
250 1974 383 2062 witsaci
406 1975 557 2052 (Aratus).
602 1974 638 2039 In
654 1973 731 2040 Vita
745 1974 777 2039 Il
792 1975 979 2040 Alexander
999 1977 1132 2042 Aetolus
1156 1975 1301 2042 Philetas
1325 1975 1402 2041 Dio-

169 2081 280 2163 nysius
292 2079 475 2160 Transfuga
486 2083 728 2161 componuntur,
742 2084 773 2141 et
786 2074 884 2142 habet
895 2077 1076 2143 consimilia
1082 2076 1238 2143 Achilles.
1263 2077 1403 2144 Proinde

168 2180 374 2246 manifestum
406 2200 470 2245 non
503 2180 600 2245 modo
634 2197 773 2244 coaevos
807 2179 881 2262 sed,
915 2179 1103 2261 quibuscum
1138 2179 1402 2244 consuetudinem

169 2286 287 2349 Aratus
310 2280 458 2348 habuerit
477 2281 595 2347 sivein
611 2279 657 2346 (lo
673 2281 778 2344 insula
794 2281 864 2346 sive
880 2281 1015 2346 Athenis
1038 2300 1095 2347 seu
1118 2281 1206 2364 alibi,
1231 2282 1400 2346 recenseri.

169 2386 282 2452 Edidit
303 2381 533 2467 «Μενάνδρῳ»
556 2382 739 2447 ePalatino
763 2383 844 2447 libro
860 2383 1122 2448 Westermannus
1147 2382 1347 2447 obstantibus
1370 2388 1402 2446 et

171 2488 336 2555 codicibus
351 2487 461 2552 Matrit
447 2484 591 2550 tensibus
605 2484 636 2548 N
651 2487 692 2546 67
709 2485 742 2560 (J
757 2483 1005 2560 Westermanni)
1023 2490 1055 2549 et
1071 2487 1108 2547 61
1119 2483 1165 2565 ⁴²),
1188 2502 1322 2565 quorum
1346 2483 1402 2548 ille

169 2587 406 2674 «μελαγχρίῳ,
382 2587 517 2652 his«
504 2585 731 2669 «μελανχρίῳ»
755 2584 902 2670 exhibet,
932 2592 964 2651 et
986 2585 1154 2651 Menandri
1185 2586 1298 2650 comici
1323 2593 1402 2650 tem-

169 2713 256 2778 pore.
302 2690 504 2774 Quapropter
525 2686 774 2771 «Μαιανδρίῳ»
803 2688 1023 2754 Meinehius
1013 2709 1046 2753 rn
1070 2687 1160 2752 West
1147 2689 1303 2752 termanni
1334 2687 1399 2752 edi·

170 2795 311 2862 tiuncula
334 2793 471 2858 mutauit
503 2797 535 2856 et
564 2789 751 2856 historicum
784 2792 945 2856 intellexit
968 2790 1205 2855 Menaenorum
1239 2789 1401 2854 Milesium

170 2894 369 2965 Callimacho
397 2895 607 2974 anteriorem,
638 2893 728 2957 cuius
757 2892 937 2975 fragmenta
960 2892 1132 2956 Muellerus
1163 2892 1324 2971 congessit
1351 2883 1399 2954 ‘P

172 3000 209 3065 H.
225 2991 273 3067 G?
293 2997 378 3075 11.⁴³)
415 2997 485 3062 Viri
508 2995 623 3061 summi
644 2994 826 3060 coniectura
848 2993 922 3057 libri
937 2993 1076 3058 Parisini
1091 2993 1121 3056 A
1138 2995 1221 3054 2403
1243 2992 1400 3056 varietate

171 3099 397 3185 «μελανόρίῳ»
425 3098 586 3166 stabilitur
614 3096 900 3176 aliquammultum.
947 3095 1030 3158 Nam
1053 3094 1174 3159 codicis
1199 3094 1323 3159 bonitas
1346 3095 1399 3158 vel

173 3207 242 3273 inde
271 3206 392 3285 elucet,
421 3199 508 3285 quod
537 3204 610 3282 post
637 3197 739 3261 verba
766 3188 961 3276 ὠνόμασται
985 3187 1017 3258 d'
1044 3189 1063 3281 ἡ
1088 3192 1190 3268 πόλις
1213 3194 1305 3270 (Soli)
1329 3186 1397 3257 ἀπὸ

107 3332 110 3337 ’
173 3305 322 3382 Σόλωνος
335 3305 394 3369 τοῦ
409 3299 558 3368 Λινδίαν
581 3300 615 3364 in
638 3319 677 3363 eo
700 3298 846 3363 eddilam
868 3298 1043 3363 invenltur:
1067 3293 1112 3372 ὥς
1129 3317 1232 3381 φησιν
1247 3288 1399 3377 Ἀριστο-

173 3411 274 3496 τέλης.
319 3408 486 3474 Postremo
509 3421 675 3469 monemus
698 3401 858 3465 Milesium
881 3401 1009 3464 natione
1032 3399 1160 3463 Nroranr
1183 3417 1311 3479 quoque
1336 3417 1399 3461 me-

174 3513 276 3580 dicum
287 3511 396 3591 fuisse,
409 3506 576 3573 Theocriti
588 3507 632 3582 (et
642 3505 746 3580 Arati)
759 3505 791 3567 in
804 3502 849 3567 Co
861 3501 966 3566 insula
978 3502 1228 3566 commilitonem
1240 3507 1272 3564 et
1285 3502 1398 3583 ipsum.

175 3765 369 3777 -.---

255 3835 288 3897 ⁴¹)
306 3831 347 3885 ef
368 3835 513 3893 Στασῖνος
533 3835 675 3900 Αρκτῑνος
689 3828 819 3886 ΙΙεισῖνας
833 3825 973 3886 Ιιαλλῑνος
987 3825 1138 3889 Μακρῖνος
1151 3819 1351 3887 hypocoristica
1363 3837 1400 3876 ω

174 3919 240 3974 uelut
259 3918 439 3989 Στησίχορος
460 3907 652 3986 Αρκτοῳνλαξ
670 3910 846 3978 Πείσανδρος
866 3902 1061 3976 Καλλισθένης
1080 3901 1261 3975 Μακρόβιος.
1299 3908 1399 3974 Κτησι-

175 4006 236 4074 κλῆς
249 4004 401 4074 Κτησίνανι
420 3999 535 4054 Bechtel
544 3992 709 4050 ‘Thasische
727 3985 842 4046 Inschr.’
861 4008 888 4059 p
902 3995 926 4043 3
947 3990 1103 4061 [Philoclem
1117 3990 1195 4043 Arati
1212 3995 1240 4042 et
1258 3987 1403 4042 Theocriti

176 4085 304 4141 Philinum
322 4087 462 4140 coniunxit
481 4088 545 4138 ante
563 4097 614 4136 nos
633 4076 818 4132 Knaackius
810 4092 838 4127 1n
852 4070 938 4128 Ann
957 4067 1031 4143 phil’
1053 4077 1115 4128 1891
1137 4091 1163 4142 ρ.
1179 4079 1246 4140 77⁰]-

255 4173 288 4237 ⁴²)
304 4171 383 4225 Hanc
400 4166 494 4224 Vitam
512 4167 590 4223 nobis
610 4163 725 4219 contulit
744 4163 902 4215 Bethius.

255 4257 287 4322 ΔΒ)
305 4257 468 4328 Νίκανδρος
495 4251 661 4307 Ritschelius
690 4256 716 4301 et
739 4247 770 4300 O.
785 4244 964 4298 Schneiderus
987 4237 1170 4297 Nicandrea'
1198 4262 1224 4313 p.
1241 4250 1319 4313 tlsq.
1362 4246 1398 4297 At

177 4339 328 4415 σννήκμασε
345 4341 374 4398 δὲ
392 4336 545 4412 Νικάνδρῳ
564 4333 687 4390 succedit
704 4333 722 4386 l.
737 4334 777 4385 26.
1188 4417 1242 4468 w
