3174 5160
170 372 232 431 344
711 372 863 426 ARATEA

169 542 299 607 Arkesc
313 541 374 606 ror'e
389 540 613 626 Empedokles
635 543 710 626 auf
726 543 793 605 den
808 543 909 627 Pfad
929 542 993 605 der
1011 543 1044 605 T
1040 541 1162 626 agend
1181 540 1306 604 lenden
1330 543 1410 605 τιιιοῖ

170 644 232 708 wie
252 647 373 730 y'eirer'
388 649 434 722 (u.
458 666 520 721 444
544 640 612 721 St.)
641 643 851 706 verorolmen
882 642 974 706 mill:
1006 645 1184 730 νηστεῦσαι
1212 643 1406 730 κακότητος.

171 750 307 816 Dielesii
331 750 431 815 series
455 748 664 829 cogitatorum
688 749 809 812 incerta
832 748 1020 813 condicione
1042 748 1178 811 laborat.
1209 747 1293 812 Nam
1309 748 1337 814 si
1353 768 1406 814 res

171 851 213 915 ad
237 851 451 917 coniecturam
475 848 576 913 semel
599 848 739 926 devenit,
764 870 781 915 e
805 850 948 931 pluribus
972 849 1146 930 seligemus
1169 868 1241 913 eam
1262 869 1347 932 quae
1361 850 1405 915 ab

171 953 317 1035 expressi
341 951 483 1034 exempli
505 949 692 1015 vadimonio
721 971 760 1016 ac
788 949 852 1015 fide
882 951 995 1016 ceteris
1025 951 1123 1016 tutius
1150 951 1403 1016 commendatur.

170 1054 316 1119 Imitatus
340 1060 389 1118 est
411 1050 619 1135 Epimenides
642 1051 753 1134 utique
778 1051 980 1118 Hesiodcum
996 1051 1206 1134 Theogoniac
1233 1052 1404 1118 exordium

170 1176 200 1221 v.
224 1158 264 1220 26
277 1174 346 1238 sqq.

298 1259 457 1337 ποιμένες
480 1248 649 1336 ἄγραυλοι,
672 1245 746 1317 ιιοὶιι>
773 1250 913 1336 ἐλέγχεα,
936 1256 1093 1337 γαστέρες
1116 1247 1197 1317 οἶοι.

297 1356 392 1439 ἴδμεν
416 1354 543 1438 ψεύδεα
566 1352 677 1419 πολλὰ
701 1354 807 1438 λέγειν
831 1351 1001 1434 ἐτύμοισιν
1024 1348 1136 1435 ὁμοῖα.

298 1458 393 1540 ’ίὸμει
416 1450 461 1536 δ’,
487 1443 554 1521 εὖτ’
582 1455 762 1538 ἐθέλωμεν,
788 1449 920 1542 ἀληθέα
942 1454 1168 1543 γηρύσασθαι.

118 1624 123 1629 -
172 1579 360 1645 Subrustica
383 1577 581 1662 impudentia
602 1585 748 1659 pastores
772 1577 824 1642 vel
848 1596 945 1641 unum
967 1577 1074 1658 potius
1101 1583 1264 1661 pastorem
1288 1576 1405 1641 Hesio·

171 1680 248 1745 dum
270 1679 400 1746 adlatae
424 1681 582 1746 instruunt
604 1679 715 1744 Musae
739 1678 871 1744 deorum
897 1678 1037 1759 origines
1060 1679 1201 1744 carmine
1225 1677 1404 1760 explicatu·

170 1802 250 1846 rum.
296 1780 407 1858 Quid?
430 1782 457 1845 si
481 1782 513 1845 in
537 1780 728 1864 Epimenide
751 1780 927 1846 consimilis
950 1778 1147 1862 adloquendi
1172 1787 1241 1845 erat
1262 1780 1403 1860 occasio,

170 1903 234 1948 nna
257 1882 475 1948 intercedente
499 1901 539 1947 ea
564 1881 762 1963 differentia,
792 1890 827 1947 ut
849 1902 950 1947 verax
972 1881 1059 1963 apud
1083 1880 1307 1964 Epimenidem
1329 1899 1403 1963 per-

172 2005 251 2051 sona
267 1984 448 2050 adlocutrix
466 1984 531 2061 (vel
552 1988 722 2066 personae)
738 1984 841 2049 videri
859 1985 966 2066 vellet,
982 1984 1093 2048 Musae
1108 1982 1292 2048 Hesiodeae
1307 1983 1406 2048 simul

171 2089 268 2152 etiam
290 2077 519 2152 ‘mendaces’l
556 2085 663 2150 Prona
685 2086 837 2169 suspicis,
862 2086 956 2152 deum
980 2086 1206 2167 nescioquem
1230 2084 1295 2162 (vel
1310 2085 1404 2162 deos)

170 2188 355 2271 Epimenidi
387 2208 450 2252 non
482 2188 576 2252 aliter
609 2191 706 2269 atque
736 2194 784 2252 est
812 2174 845 2252 in
868 2187 1014 2252 Hesiodo
1043 2187 1208 2253 scribendi
1236 2188 1404 2270 negotium

171 2290 325 2358 detulisse
348 2289 389 2353 de
413 2290 507 2353 certis
529 2289 624 2354 rebus
647 2295 723 2354 tunc
743 2290 848 2373 ipsum
865 2290 989 2354 edocto.
1024 2289 1233 2373 Consopitum
1250 2309 1284 2355 se
1300 2289 1405 2355 facias

171 2391 409 2473 Epimenidem,
433 2398 467 2454 ut
490 2410 561 2456 esse
583 2390 666 2456 solet
687 2391 719 2455 in
742 2391 878 2470 fabulis,
901 2390 1033 2456 finxisse
1056 2398 1088 2455 et
1105 2391 1148 2456 ad
1170 2391 1250 2458 deos
1271 2391 1405 2457 ductum

171 2512 229 2576 per
252 2493 427 2568 somnum⁶)
450 2491 603 2557 didicisse
626 2512 710 2557 nova
733 2493 813 2557 mira
841 2494 1001 2558 inaudita!
1047 2493 1158 2557 Finxit
1179 2513 1214 2558 rc
1235 2513 1316 2559 vera
1337 2495 1405 2560 tale

172 2594 250 2676 quid
266 2594 474 2676 Epimenides
497 2594 530 2656 in
543 2586 763 2658 ‘Catharmis'.
799 2593 891 2672 Quod
916 2615 986 2660 cum
1012 2595 1094 2660 bene
1117 2596 1310 2661 coniecisset
1326 2597 1404 2662 Die-

170 2694 313 2778 lesius⁷),
344 2696 483 2759 nuntiari
507 2694 647 2759 vidimus
670 2694 757 2760 idem
780 2704 893 2778 postea
915 2697 956 2761 ab
981 2717 1019 2761 eo
1044 2697 1239 2781 biographo,
1269 2698 1321 2763 cui
1344 2717 1406 2764 sua

255 2878 277 2942 ⁸)
294 2877 426 2932 Profundi
450 2877 537 2932 somni
561 2877 751 2932 documentum
775 2878 888 2932 mirifica
912 2879 1076 2934 diuturnitas
1101 2881 1147 2947 (ct.
1174 2881 1230 2935 Cic.
1251 2875 1404 2936 ‘Somnium

172 2957 321 3032 Scipionis’
341 2978 364 3016 c.
380 2967 431 3028 10).
463 2964 585 3032 Spatium
598 2962 793 3032 quinquaginta
812 2970 915 3031 septem
933 2978 1074 3027 annorum,
1093 2981 1162 3033 qnae
1179 2968 1222 3019 est
1233 2966 1405 3037 Theopompi

171 3048 321 3102 numeratio
340 3047 500 3113 (Schultess.
519 3065 545 3116 p.
560 3051 611 3114 53),
630 3063 644 3101 e
661 3049 780 3102 ternario
799 3048 889 3115 magni
906 3051 971 3102 anni
989 3050 1208 3104 undevicennalis
1226 3066 1339 3106 numero
1357 3067 1405 3104 ex-

170 3131 288 3200 plicatur
305 3135 330 3198 (3
339 3143 375 3187 ><
386 3137 416 3186 19
427 3158 460 3177 =
470 3136 520 3196 57).
552 3133 630 3200 Quod
647 3148 707 3186 cnm
725 3132 784 3187 iure
799 3134 997 3188 conclusissent
1009 3150 1069 3188 cum
1082 3136 1128 3188 alii
1145 3144 1202 3189 tum
1215 3136 1403 3193 Schultessius

170 3234 198 3286 p.
212 3221 253 3283 52,
270 3217 338 3271 illud
356 3217 400 3270 hic
418 3217 526 3271 omnino
540 3218 666 3285 neglexit,
685 3218 756 3286 quod
775 3233 829 3271 non
842 3218 917 3271 Meto
937 3218 1051 3283 demum,
1070 3219 1118 3273 sed
1137 3219 1191 3273 ium
1209 3220 1329 3276 Phainus
1341 3222 1403 3277 Me·

171 3301 242 3356 tonis
260 3300 387 3369 magister
406 3302 480 3355 circa
497 3317 522 3356 a.
536 3307 587 3355 450
606 3303 721 3356 solarem
739 3317 839 3356 annum
853 3303 1017 3370 undeviginti
1035 3304 1112 3357 annis
1124 3305 1266 3360 lunaribus
1285 3307 1405 3361 circum-

170 3385 287 3454 scripsit.
324 3386 411 3454 θέρη.
426 3391 473 3439 241
494 3394 521 3439 et
539 3387 619 3441 huius
638 3388 734 3455 capitis
746 3389 809 3441 adn.
824 3393 848 3450 4,
867 3381 1032 3441 ulri‘unum’
1050 3403 1151 3441 annum
1164 3390 1320 3446 dormivisse
1333 3393 1401 3461 Epi-

169 3472 300 3526 menidem
311 3473 498 3539 comperimus.
513 3465 623 3525 ‘Unum'
633 3487 732 3524 annum
741 3471 863 3540 Iuppiter
873 3472 1069 3526 Callimachens
1079 3472 1247 3528 aCuretibus
1259 3476 1404 3535 educatur.

258 3559 277 3609 ⁷l
299 3559 357 3606 Wie
375 3559 567 3606 Kallimachos
590 3561 626 3606 im
645 3560 747 3622 Prolog
770 3561 820 3607 der
837 3561 928 3608 Aitz'en
952 3562 1026 3607 seim
1050 3561 1198 3624 Dichtung
1222 3565 1265 3610 als
1284 3564 1310 3610 T
1310 3580 1406 3640 rauen-

172 3649 331 3711 eingebung
351 3646 518 3706 dargestellt
534 3645 618 3702 hatte,
637 3646 687 3691 wie
705 3661 732 3691 es
739 3643 844 3709 serner
862 3648 906 3694 die
923 3647 1073 3708 allgemez'n
1092 3647 1151 3692 und
1167 3645 1288 3711 officiell
1300 3652 1406 3713 geeibte

172 3732 240 3781 Sitte
257 3733 307 3779 der
325 3730 489 3777 Incubation
504 3729 706 3791 grr'eclzrhchem
719 3730 835 3778 Denken
854 3732 927 3778 nahe
945 3733 1025 3793 legth
1044 3745 1073 3776 ro
1085 3729 1211 3795 begreist
1227 3747 1291 3780 man
1309 3735 1403 3795 deicht,

170 3818 243 3866 auch
262 3817 332 3863 ohne
350 3816 414 3862 dass
432 3830 495 3861 man
514 3815 558 3860 die
576 3813 705 3877 legende
729 3817 779 3862 der
797 3815 1026 3881 Siebenschldfer
1043 3818 1102 3864 und
1125 3819 1229 3864 andere
1245 3819 1405 3867 zaklreicke

173 3903 326 3953 Varianten
338 3900 450 3948 bemeilzt
461 3899 573 3962 (Rohde
586 3891 698 3949 ‘lehem
713 3890 797 3948 arus?
811 3910 825 3961 3
829 3911 851 3963 5,
869 3900 941 3962 157),
961 3903 1025 3948 dass
1038 3903 1110 3948 auch
1124 3904 1213 3950 dieser
1224 3901 1405 3963 Epimenides

171 3988 312 4036 redivivus
329 3985 388 4033 sich
411 3986 455 4032 als
477 3987 599 4032 erwaclzt
620 4001 672 4032 aus
696 3987 808 4048 lang-em
832 3985 951 4051 Seklase
973 3988 1032 4034 und
1054 4003 1111 4034 nun
1134 3989 1184 4033 mit
1205 3990 1405 4037 munderbarer

173 4071 459 4133 Weissagungskunst
475 4069 600 4135 behaftet
616 4072 729 4132 ausgz'bt
746 4071 805 4117 und
821 4074 907 4119 seines
920 4071 1024 4119 Geistes
1043 4072 1206 4119 Rez'chtlium
1218 4076 1404 4122 auszustellen

171 4158 286 4218 beginnt
330 4154 365 4201 So
382 4156 459 4202 stelit
480 4156 538 4202 sicli
561 4156 632 4202 auch
659 4154 767 4201 Lukian
790 4157 903 4218 (Timon
923 4172 944 4203 c.
959 4155 990 4215 6)
1010 4191 1016 4203 .
1037 4191 1043 4202 .
1064 4157 1115 4203 das
1135 4155 1253 4204 Werden
1272 4159 1319 4205 des
1337 4158 1404 4207 Pro·

170 4242 273 4303 pheten
292 4255 349 4288 vor.
380 4236 519 4290 Lucienus
531 4237 596 4289 nihil
609 4237 661 4289 nisi
678 4236 832 4290 diuturnam
846 4237 1034 4291 dormitionem
1047 4239 1262 4292 commemorauit
1279 4254 1403 4293 enarra·

171 4323 252 4376 tionis
271 4335 378 4375 conexu
396 4320 522 4375 solutam.
558 4321 600 4374 Dc
618 4320 780 4375 Callimacho
799 4321 834 4375 cf.
849 4314 946 4375 ‘Anth
965 4314 1030 4375 Pal’
1050 4321 1100 4375 Vll
1118 4325 1160 4374 42.
