3174 5160
294 258 345 360 ln.
363 304 415 358 DE
432 303 545 357 ARATI
564 302 832 359 INTERPRETUM
851 303 912 371 QU1
932 304 1083 359 FERTUR
1101 306 1305 361 CATOLOGO.
1352 304 1413 365 135

180 489 226 540 18⁰
291 482 364 542 ΕΠ.
389 476 514 558 πόλος,·
535 483 611 543 τίνα
633 476 778 560 τρόπον,·
801 485 843 544 Π.
866 471 981 561 όίσπερ
1005 477 1098 542 ε’ίποι
1121 502 1171 553 τις
1193 477 1307 555 τόπος.

392 573 447 646 ότι
469 581 504 646 δὲ
527 581 685 646 πολεῖται
708 585 804 646 τοῦτο
829 584 880 645 καὶ
907 581 1069 666 διέρχεται

393 675 527 749 ἅπαντα
551 681 607 749 διὰ
631 682 932 762 remeatremeat
956 686 1012 747 νῦν
1036 682 1151 758 πόλος.

391 776 430 875 ήν
454 779 485 850 d'
511 785 657 874 οίκίσήτε
680 790 778 851 ταῦτα
801 787 856 849 καί
878 778 1028 872 φράξήό)
1056 777 1157 863 daal,

390 887 424 954 ἐκ
446 891 511 954 τοῦ
528 887 635 952 πόλου
658 882 777 953 τοότοο
800 887 991 975 κεκλήσεται
1013 887 1124 966 πόλις.

179 1003 224 1053 185
386 983 469 1055 ὥστ’
497 983 609 1076 ἄρξετ’
637 983 830 1076 ἀνθρώπων
852 990 912 1072 μὲν
935 981 1049 1076 ὥσπερ
1073 990 1269 1077 παρνόπων,

388 1091 466 1170 τούς
489 1085 521 1157 d'
548 1077 589 1157 αὖ
612 1090 714 1168 θεοὺς
738 1087 896 1157 ἀπολεῖτε
919 1093 1006 1177 λιμῷ
1028 1094 1164 1180 Μηλίῳ.

290 1200 363 1260 ΕΠ.
386 1199 478 1285 πῶς,·
501 1200 545 1260 Π.
569 1192 602 1261 ἓν
625 1198 716 1278 μέσῳ
739 1192 913 1279 δήπουθεν
936 1187 998 1280 όήρ
1023 1193 1093 1260 ἐστι
1115 1199 1183 1281 γῆς.

389 1289 462 1362 εἴθ’
489 1295 605 1379 ὥσπερ
627 1292 732 1384 ἡμεῖς,
757 1285 795 1380 ήν
819 1295 904 1363 ἰέναι
926 1296 1130 1380 βουλώμεθα

389 1398 547 1478 Haedos,
572 1394 741 1473 Βοιωτοὺς
764 1398 877 1464 diodor
902 1399 1098 1481 αἰτούμεθα,

178 1514 223 1563 leo
389 1493 503 1580 οότως,
527 1498 608 1568 όταν
631 1494 784 1566 θόσωσιν
807 1493 987 1584 ἅνθρωποι
1009 1506 1115 1581 θεοῖς,

385 1593 426 1692 ήν
447 1601 492 1691 μή
518 1601 622 1689 φόρον
647 1606 794 1687 φέρωσιν
816 1598 893 1685 ὑμῖν
918 1603 950 1668 oi
972 1607 1060 1682 θεοί,

386 1708 453 1770 τῶν
474 1703 685 1792 μήρίωντήν
708 1717 823 1770 κνῖσαν
846 1698 883 1769 οό
908 1704 1121 1793 διαφρήσετε.

177 1809 341 1892 Interpres
364 1811 524 1893 antiquus,
547 1810 637 1874 ouius
662 1810 761 1873 verba
781 1830 813 1893 p.
832 1812 891 1872 124
914 1809 1154 1893 adscripsimus,
1178 1803 1286 1870 πόλον
1308 1807 1410 1889 expli-

177 1911 266 1977 cavit
287 1907 326 1974 τὸ
352 1907 565 1992 περιέχοντι)
592 1900 694 1974 ἅπαν.
739 1911 808 1976 Nec
831 1912 958 1977 videtur
981 1911 1144 1992 Koohius,
1167 1911 1262 1992 modo
1285 1915 1409 1975 senten·

178 2015 258 2079 tiam
281 2015 352 2079 eius
375 2013 463 2080 haud
485 2015 531 2078 ita
552 2014 724 2080 manifesto
747 2013 942 2079 declaratam
966 2015 1212 2098 perspiciamus,
1241 2011 1411 2078 dissentire

176 2117 262 2182 velle
271 2117 314 2193 ⁴⁰).
356 2118 399 2181 At
420 2116 521 2199 quid?
551 2117 669 2181 Avium
694 2112 799 2190 πόλος
822 2117 848 2180 si
873 2115 997 2181 medius
1019 2124 1069 2182 est
1090 2118 1172 2181 inter
1194 2115 1318 2181 caelum
1342 2104 1411 2191 (οὗ-

177 2215 278 2302 ρανόν
308 2220 471 2296 v.178)⁴¹)
501 2226 533 2283 et
555 2218 718 2300 tellurem,
753 2219 780 2282 si
810 2219 952 2301 conspici
983 2219 1058 2284 inde
1087 2238 1150 2283 non
1184 2217 1279 2281 modo
1310 2216 1411 2281 nubes

178 2326 312 2403 possunt
334 2321 392 2386 sed
425 2320 571 2403 superior
600 2320 683 2386 caeli
712 2320 816 2402 regio:
846 2339 909 2402 quo
939 2320 1068 2386 tandem
1098 2319 1310 2385 ratiocinandi
1333 2319 1407 2383 arti·

177 2421 260 2503 licio,
284 2441 326 2487 ne
341 2422 486 2488 fraudem
502 2421 658 2505 dicamus,
681 2422 806 2486 caelum
823 2423 926 2505 ipsum
947 2442 1018 2489 esse
1033 2413 1182 2506 ὀρνίθων
1205 2417 1312 2484 πόλον
1335 2440 1405 2486 con·

178 2523 337 2589 tendunt?
359 2510 461 2590 Immo
477 2525 624 2590 diversus
639 2544 660 2588 a
675 2526 776 2607 caelo,
793 2524 939 2590 diversus
955 2545 975 2589 a
991 2531 1084 2590 terra.
1122 2523 1276 2607 Suspexit
1292 2522 1409 2606 Upupa

177 2626 208 2690 in
231 2627 347 2709 altum,
372 2627 521 2710 despexit
543 2626 710 2711 deorsum,
732 2628 833 2692 nubes
857 2627 1043 2692 observavit
1064 2647 1102 2691 ac
1126 2628 1207 2693 caeli
1231 2627 1406 2709 circuitum,

176 2725 344 2811 tanquam‘
358 2730 392 2793 in
420 2729 641 2794 observatorio
669 2730 850 2824 conlocata:
885 2719 942 2807 οόχ
974 2721 1069 2805 οὗτος
1099 2713 1156 2792 οόν
1185 2724 1292 2814 δήπου
1319 2720 1407 2793 ίστὶν

175 2819 325 2912 ὀρνίθων
341 2827 463 2912 πόλος;
488 2831 681 2896 Particulam
707 2824 763 2894 οόν
779 2830 942 2896 intendas:
963 2825 1146 2912 ‘quaecum
1170 2832 1215 2896 ita
1230 2831 1406 2896 observita·

177 2932 271 3013 veris,
295 2951 359 2997 non
382 2932 443 2998 hoc
465 2937 574 2998 avium
597 2941 682 2999 certe
706 2968 745 2977 -
762 2924 1043 2998 observatorium'.
1082 2934 1190 2998 Poscit
1214 2932 1274 2997 hoo
1297 2952 1405 2998 neces·

176 3034 260 3099 sario
283 3036 461 3101 sententiae
483 3035 644 3102 decursus.
679 3034 801 3100 Suadet
824 3054 900 3100 vero
923 3036 1020 3099 etiam
1043 3034 1171 3099 dicendi
1194 3054 1269 3100 usus
1285 3034 1405 3100 Aristo·

174 3136 330 3219 phaneus.
369 3137 495 3202 Etenim
511 3137 636 3203 duobus
650 3143 818 3220 praeterea
833 3137 913 3203 locis
929 3134 1036 3200 πόλον
1052 3144 1178 3203 exstare
1198 3136 1284 3219 apud
1309 3137 1404 3201 comi-

175 3259 246 3304 cum
275 3238 561 3306 animadvertimus
583 3259 614 3322 p.
634 3245 671 3306 13
695 3246 727 3305 et
750 3240 917 3323 utrobique
941 3240 1164 3322 heliotropium
1188 3240 1239 3304 vel
1256 3240 1403 3304 observa·

174 3342 290 3407 lorium
305 3341 441 3406 Metonis
459 3342 639 3425 significare
655 3343 687 3406 in
703 3342 826 3408 Colono
842 3344 961 3409 forensi
976 3347 1126 3424 erectum,
1144 3360 1206 3424 quo
1223 3342 1403 3404 «σκοποῦσι

173 3439 214 3506 τὰ
241 3445 393 3527 μετέωρα
423 3443 517 3508 ταυτὶ
546 3444 600 3507 καὶ
628 3440 669 3505 τὰ
699 3441 826 3527 πλάγια
855 3447 974 3508 ταυτί».
1026 3441 1134 3520 Quid?
1164 3443 1249 3526 quod
1278 3445 1310 3507 in
1339 3444 1405 3508 alia

170 3535 315 3611 ‘Avium'
348 3564 445 3611 scena
467 3544 698 3628 Aristophanes
721 3548 861 3628 apertius
886 3547 981 3610 etiam
1013 3566 1108 3628 quam
1132 3547 1249 3611 lactum
1273 3553 1321 3610 est
1342 3544 1404 3610 hoc

171 3648 243 3713 loeo
259 3647 460 3712 instrumenti
484 3647 657 3713 Metoniani
681 3667 744 3712 non
767 3649 836 3713 sine
860 3647 1064 3713 cavillatione
1087 3649 1310 3730 reminiscitur,
1333 3667 1404 3713 cum

171 3769 289 3814 novam
305 3749 414 3815 avium
430 3750 541 3816 urbem
565 3752 596 3815 in
620 3750 749 3816 sublimi
765 3750 981 3815 dimensurum
1005 3752 1108 3834 ipsum
1123 3751 1284 3816 Melonem
1308 3751 1402 3813 intro·

259 3935 293 3997 ⁴⁰)
312 3929 423 3998 πόλος
441 3953 494 3986 von
511 3934 699 3999 πέλεσθαι,
719 3939 913 3990 πολεῖσθαι
932 3936 976 3998 λλ),
1000 3939 1075 3986 locus
1091 3941 1140 3986 ubi
1160 3953 1225 3986 aves
1248 3944 1402 3987 versantur.

171 4024 238 4075 Vom
256 4021 381 4071 Himmel
396 4022 494 4072 Aesch.
513 4023 601 4073 From.
615 4023 666 4083 430
685 4015 860 4091 οόρόνισν
884 4017 1005 4076 πόλον.
1024 4023 1125 4086 Eurip.
1140 4023 1270 4073 Erechth.
1291 4022 1306 4070 6
1324 4024 1347 4082 l?
1360 4023 1402 4072 An

169 4106 336 4175 Chrysippi
355 4105 389 4160 cl.
401 4122 428 4174 p.
444 4109 510 4169 125).
539 4105 606 4158 Item
620 4105 722 4158 fallitur
739 4105 780 4158 vel
793 4105 992 4159 Schoemannus
1006 4124 1031 4174 p.
1046 4109 1094 4159 205
1115 4111 1142 4159 et
1154 4104 1337 4172 lexicographi
1355 4105 1400 4168 (cl.

169 4188 338 4244 Passowiun
356 4205 378 4244 s.
396 4207 421 4245 v.
440 4185 550 4254 πόλος).

258 4276 293 4338 ⁴¹)
312 4273 352 4327 Cf.
372 4276 452 4328 etiam
469 4291 494 4328 v.
508 4278 567 4340 264,
586 4279 645 4342 551,
664 4279 713 4328 843
723 4291 791 4344 τσο,
812 4280 885 4329 1234.
