3174 5160
454 346 528 402 VIII.
547 346 598 401 DE
617 347 685 402 000
703 347 907 403 POETARUM
926 347 1127 404 SODALICIO.
1344 349 1406 407 335

176 519 406 586 retractasset?
439 520 569 586 Editnm
593 520 781 603 —inquies
809 523 998 588 -otiam
1028 522 1229 606 divulgatum
1258 523 1406 587 recitavit

177 639 324 704 carmen,
348 628 383 686 ut
410 622 558 704 nequiret
580 621 698 687 amima
720 624 920 704 exemplaria
941 643 1103 690 revocare.
1147 622 1343 690 Conveuiret
1365 645 1405 689 ne

176 722 210 788 id
234 722 365 805 quidem
388 725 421 790 in
444 724 612 790 consilium
633 724 815 806 scriptoris,
842 724 964 807 quippe
987 726 1041 808 qui
1064 745 1127 791 non
1150 731 1227 790 nota
1247 724 1306 791 sed
1328 725 1406 790 illuc

176 844 278 907 usque
311 825 457 892 inaudita
489 846 561 892 cum
593 824 823 890 Alexandrinis
860 828 1112 893 communicasse
1145 826 1268 909 liquido
1307 828 1406 893 vellet

176 928 394 1010 Apollonium.
438 929 547 994 Manet
575 926 672 1010 igitur
694 925 779 1008 quod
803 927 959 1012 diximus,
989 929 1139 994 carminis
1162 927 1303 993 nondum
1326 928 1405 993 editi

176 1029 398 1096 recitationem
423 1019 603 1096 ‘editionis'
634 1028 764 1093 nominc
785 1048 956 1112 perperam
982 1029 1164 1113 significari.
1208 1030 1311 1094 Immo
1334 1049 1405 1095 cum

173 1122 367 1195 ‘elimatum’
394 1151 521 1198 carmen
544 1128 651 1195 Rhodi
673 1131 906 1213 promulgaret,
929 1132 1035 1214 prima
1058 1130 1138 1196 haec
1159 1131 1219 1195 fuit
1241 1131 1350 1213 editio,
1374 1139 1406 1196 et

174 1252 238 1299 non
260 1233 412 1300 secunda.

262 1334 412 1417 Denique
434 1333 606 1416 biographi
635 1335 749 1415 ingens
771 1333 884 1398 vitium
908 1336 1049 1418 repperit
1071 1334 1277 1418 Dilthcyus.¹)
1321 1336 1404 1401 Nam

175 1437 263 1519 quod
292 1445 393 1503 artem
423 1436 595 1503 oratoriam
625 1435 816 1517 Apollonius
846 1433 952 1500 Rhodi
981 1437 1164 1502 exercuisse
1191 1438 1291 1502 fertur
1314 1439 1345 1502 iu
1368 1437 1405 1516 B,

175 1539 313 1605 Molonis
335 1539 519 1622 Apollonii,
542 1538 637 1620 primi
660 1556 689 1601 a.
712 1534 787 1600 (ihr.
811 1538 932 1602 saeculi
955 1536 1092 1604 rhetoris
1115 1537 1251 1618 Rhodii,
1275 1539 1310 1603 id
1333 1558 1405 1605 csse

173 1642 245 1706 luce
274 1642 392 1706 clarius
414 1648 473 1707 est.
518 1639 595 1704 Sive
624 1638 796 1704 inscienter
823 1640 1024 1705 commiscuit
1045 1659 1101 1705 scu
1124 1648 1274 1724 proterve
1297 1660 1403 1706 narra·

174 1744 336 1809 tinnculae
364 1743 573 1826 compositor,
602 1759 685 1822 quae
715 1740 768 1805 vel
797 1741 890 1822 pueri
919 1742 1001 1806 inter
1030 1761 1065 1806 se
1094 1741 1199 1807 sciunt
1219 1741 1403 1808 abhorrere.

172 1844 336 1910 Abhorret
357 1852 390 1910 et
412 1844 564 1909 universa
580 1840 748 1907 historiola
771 1848 803 1905 ct
818 1842 964 1923 singulae
987 1843 1056 1908 eius
1078 1844 1257 1925 particulae
1279 1865 1300 1908 a
1321 1847 1404 1909 veri-

173 1954 239 2012 tate
254 1953 388 2029 tantum,
413 1952 566 2029 quantum
590 1944 663 2026 capi
679 1951 786 2007 mente
801 1944 859 2007 vix
876 1951 989 2027 potest.
1027 1944 1140 2026 Itaque
1163 1945 1205 2010 ad
1221 1946 1404 2012 inferiorem

172 2054 313 2114 aetatem
344 2049 529 2132 impostoris
560 2055 686 2128 tempus
716 2044 925 2109 detrudimus.
971 2044 1006 2110 Si
1035 2047 1113 2128 quid
1143 2046 1295 2113 hariolari
1318 2050 1404 2128 licet,

173 2150 371 2234 biographus
399 2149 565 2234 Apollonii
595 2147 736 2212 carmine
764 2147 1002 2230 interpretando
1031 2156 1204 2231 occupatus
1227 2169 1333 2215 rerum
1361 2150 1404 2215 ad

173 2254 273 2318 vitam
306 2254 368 2318 viri
401 2251 629 2334 pertinentium
662 2249 804 2331 inopiam
846 2250 891 2313 ita
931 2250 1063 2331 explere
1095 2250 1232 2316 fidenter
1272 2258 1404 2317 conatus

174 2365 232 2436 est,
255 2362 290 2419 ut
312 2374 330 2420 e
352 2353 545 2437 quibusdam
568 2370 651 2433 quae
674 2350 815 2415 diximus
839 2352 1006 2416 clementis
1034 2352 1093 2417 sed
1116 2354 1227 2435 paucis
1250 2353 1404 2418 fabellam

172 2455 214 2522 de
237 2476 296 2522 suo
318 2456 490 2522 conficeret
510 2455 639 2537 penitus
661 2453 834 2517 noviciam.

258 2557 345 2625 Satis
367 2566 505 2624 actumst
529 2556 569 2621 de
585 2554 756 2639 biographi
774 2553 949 2620 fraudibus.
987 2555 1030 2621 At
1053 2554 1173 2622 habent
1186 2557 1292 2642 Vitae,
1315 2558 1404 2641 quod

173 2661 314 2726 excellat
336 2661 487 2740 bonitate,
516 2659 548 2722 in
571 2658 677 2722 initio:
1464 2661 1466 2666 '

376 2780 464 2845 VITA
478 2779 494 2842 I
509 2778 559 2841 W.
1014 2777 1100 2842 VITA
1114 2778 1146 2842 ΙΙ
1158 2778 1206 2842 W.

172 2887 410 2974 Ἀπολλώνιος,
434 2890 536 2960 ὁτῶν
551 2888 764 2979 Ἀργοναυτι-
816 2886 1042 2970 Ἀπολλώνιος
1071 2890 1087 2959 ὁ
1114 2893 1254 2982 ποιητὴς
1283 2895 1320 2961 τὸ
1344 2897 1405 2978 μὲν

173 3000 237 3062 κῶν
251 2996 403 3086 ποιητής,
420 2996 457 3062 τὸ
475 2997 535 3079 μὲν
547 3001 640 3079 γένος
651 2989 763 3068 Άλεξ-
814 3000 907 3077 γένος
930 2981 968 3080 ἦν
997 2990 1245 3081 Ἀλεξανδρεύς,
1276 2996 1405 3080 πατρὸς

173 3099 325 3183 coiecta,
358 3098 431 3176 υἱὸς
459 3099 495 3164 δὲ
528 3100 688 3175 Bollane,
718 3091 763 3170 ὡς
815 3096 1010 3173 dimissos·
1032 3087 1201 3184 rl'llla‘org,
1221 3096 1346 3183 μητρὸς
1369 3097 1405 3163 δὲ

172 3201 209 3266 δέ
229 3225 317 3278 τινες
334 3195 477 3278 Ἰλλέως,
505 3200 610 3286 φυλῆς
633 3199 761 3263 Πτολε·
810 3193 932 3284 Ῥόόης.
956 3193 1404 3286 οὖτοςέμαθήτευσεΚαλλι·

171 3305 302 3386 polhoc.
355 3303 481 3386 ἐγένετο
526 3296 558 3365 d'
601 3300 658 3367 ἐπὶ
695 3302 761 3365 τῶν
813 3301 907 3384 μάχῳ
921 3300 953 3364 ἐν
967 3296 1200 3388 Ἀλεξανδρείᾳ
1216 3297 1288 3366 ὄντι
1299 3326 1404 3386 γραμ-

172 3409 402 3489 Πτολεμαίων,
420 3403 635 3488 Καλλιμάχου
647 3409 761 3489 μαθῃ-
812 3406 979 3487 ματικῴ’).

170 3507 245 3595 aris,
267 3506 312 3573 τὸ
335 3509 409 3591 μὲν
433 3511 600 3591 πρῶτον
630 3506 760 3572 συνών

173 3608 426 3694 Καλλιμάχῳ
448 3613 502 3692 τῴ
527 3609 621 3693 ἰδίῳ
645 3608 764 3673 διδα-

172 3709 325 3796 σκάλῳ,
349 3705 430 3794 ὀψὲ
454 3709 641 3775 ὄὲέπὶτὸ
666 3734 764 3775 ποι-

172 3827 231 3878 εῖν
254 3812 472 3900 ποιήματα
496 3811 713 3895 ἐτράπετο.

171 3914 261 3995 Quae
285 3917 424 3982 diductis
447 3918 561 3981 litteris
586 3917 742 3997 impressa
765 3923 838 3981 sunt
866 3936 906 3982 ea
928 3917 1073 3982 ferebant
1097 3920 1276 3998 aegerrime
1306 3919 1402 3982 inter-

263 4152 280 4214 ¹t
299 4151 385 4205 Linde
400 4145 454 4204 ‘De
472 4150 584 4203 diversis
603 4150 805 4203 recessionibus
820 4150 958 4217 Apollonii
976 4150 1074 4205 Rhodii
1086 4143 1312 4217 Argonauticon',
1332 4150 1401 4203 Got-

172 4233 262 4301 tingae
281 4239 354 4298 1885,
374 4253 400 4303 p.
416 4240 457 4289 51.

257 4321 277 4384 ²)
295 4320 424 4391 μαθητὴς
445 4317 629 4389 Καλὶαμάχου
647 4320 727 4372 etiam
747 4319 854 4374 Suidas.
