3174 5160
466 363 502 417 11.
522 363 572 416 DI}
592 362 706 418 ARATI
724 364 857 421 conlclc
876 368 1117 425 HIPPARCHHO.
1361 374 1420 433 115

201 537 249 600 καλ
270 538 330 622 τῆς
353 527 577 620 Ἀνδρομέδας
598 535 640 633 τὰ
657 537 749 615 δεξιά
772 539 854 629 μέρη
869 540 952 607 κατά
975 546 1078 631 μῆκος
1101 596 1157 608 ...
1181 539 1199 610 δ
1225 544 1260 609 δέ
1282 539 1420 630 Ἄρατος

170 656 181 702 5
198 630 313 722 ἀγνοεῖ,
336 635 395 703 τὸν
409 629 527 724 Ὕδραν
551 631 629 704 δλον
644 643 693 725 τῷ
713 637 874 728 Ὑδροχόῳ
888 638 1135 729 ὑπολαμβάνων
1151 641 1420 712 ἀντικαταδάνειν

197 744 232 817 (v.
247 743 310 806 694
320 744 413 824 sqq.).

274 878 289 927 5
307 867 431 950 ὓιριχόῳ
449 874 481 929 1..

271 1168 304 1232 II
326 1187 358 1251 p.
377 1170 438 1232 228
467 1170 534 1233 των
557 1167 593 1232 δέ
615 1167 775 1250 Διδύμων
804 1162 992 1255 ἀρχομένων
1021 1154 1213 1238 ἀνατέλλειν
1236 1170 1253 1240 δ
1278 1170 1418 1262 Ἄρατος

194 1269 229 1344 lv.
246 1272 428 1345 724—729)
451 1267 558 1334 δύνειν
585 1269 644 1352 μέν
674 1293 759 1358 φησι
786 1269 864 1349 τοὺς
886 1271 997 1350 πόδας
1017 1278 1076 1339 τοῦ
1095 1269 1271 1361 Ὀφιοάχοα
1295 1271 1413 1365 «μέσφ’

196 1362 296 1434 αὐτῶν
318 1369 482 1454 γονάτων»
503 1378 546 1448 (v.
564 1374 649 1452 725),
674 1365 867 1438 ἀνατέλλειν
890 1373 926 1438 δὲ
947 1373 985 1438 τδ
1011 1379 1120 1465 Κῆτος
1142 1381 1197 1443 καὶ
1219 1383 1277 1444 τοι]
1301 1386 1416 1445 Ποτα-

194 1474 251 1551 μοῦ
272 1469 314 1536 τὰ
338 1475 467 1555 πρῶτα.
504 1476 608 1539 ταῦτα
633 1474 668 1539 δέ
685 1473 871 1561 συμφώνως
894 1489 966 1552 τοῖς
982 1478 1199 1560 (μαινομένοις
1220 1475 1281 1546 ὑπ’
1308 1479 1415 1548 αὐτῶν

169 1573 328 1660 5εἴρηται.

270 1711 321 1775 2,3
340 1699 426 1782 μέχρι
444 1715 504 1766 τῶν
521 1711 552 1765 L.

699 1835 896 1843 ——

271 1969 425 2034 Redactis
448 1970 490 2034 ad
512 1969 608 2034 fidem
633 1970 778 2035 codicum
796 1969 972 2054 Hipparchi
992 1973 1182 2038 testimoniis
1205 1993 1288 2055 quae
1303 1975 1413 2057 singil-

191 2071 273 2135 latim
296 2073 458 2154 persecuti
481 2093 589 2137 sumus
613 2071 921 2154 comprehendimus.
958 2073 1038 2139 Inde
1060 2076 1102 2139 ab
1125 2076 1216 2139 initio
1232 2076 1319 2157 quod
1341 2096 1412 2160 per·

190 2174 417 2240 timescendum
441 2173 627 2257 videbatur,
656 2193 696 2239 ne
725 2174 802 2256 quid
832 2175 906 2240 libri
935 2176 1131 2259 Hipparchei
1160 2179 1224 2252 (vel
1248 2179 1412 2258 librorum)

189 2277 282 2342 facies
293 2277 419 2358 priscae
432 2282 464 2341 et
475 2277 634 2358 genuinae
647 2277 839 2359 integritatis
850 2278 1011 2343 amisisset
1026 2279 1175 2344 labemve
1191 2283 1409 2354 contraxisset,

188 2380 331 2444 evenisse
355 2378 436 2442 illud
464 2397 578 2461 reapse
608 2379 793 2445 certissimis
822 2380 979 2463 exemplis
1007 2380 1225 2462 cognovimus.
1270 2383 1410 2450 Maxime

187 2479 300 2545 idonea
339 2479 414 2545 inde
448 2482 597 2546 selecturi
625 2485 721 2563 (quae
756 2481 933 2546 omittenda
961 2481 1021 2547 hoc
1048 2483 1119 2547 loco
1150 2486 1347 2568 censuimus,
1378 2490 1410 2553 in

185 2583 278 2648 lolius
308 2583 383 2646 libri
413 2582 519 2648 indice
548 2585 706 2660 invenies)
735 2584 799 2650 duo
825 2602 944 2665 genera
971 2583 1212 2670 distinguimus,
1242 2587 1331 2671 prius
1354 2608 1410 2655 eos

184 2704 293 2750 versus
311 2685 487 2757 continens,
511 2686 564 2767 qui
588 2687 621 2749 in
637 2686 851 2752 Laurentiano
867 2684 1044 2768 Hipparchi
1068 2687 1179 2753 codice
1202 2689 1259 2766 (VI
1279 2695 1319 2754 74
1341 2715 1407 2773 μιν,

184 2785 309 2850 XXVII
325 2790 388 2850 554
412 2781 472 2862 ἐνί)
495 2794 528 2851 et
542 2788 598 2868 qui
612 2788 645 2851 in
661 2789 817 2854 Vaticano
834 2787 972 2866 (XXVII
988 2791 1049 2850 542
1065 2780 1162 2852 co‘co'
1181 2781 1269 2876 ἧμιν,
1286 2794 1330 2858 ib.
1346 2800 1408 2858 557

182 2879 295 2962 τόσον,
327 2888 441 2952 XXIX
456 2893 518 2955 479
548 2881 622 2974 μέγ’
650 2882 836 2971 ἀμείνονες,
868 2890 1013 2954 XXXIX
1030 2896 1091 2956 565
1115 2889 1406 2978 έπερχομένοισιν),
1499 2880 1503 2885 ’

185 2990 324 3074 denique
348 2993 402 3074 qui
426 2993 459 3056 in
481 2993 583 3058 altero
606 2999 676 3059 utro
693 2995 833 3076 corrupti
849 2994 1007 3059 feruntur:
1032 2993 1146 3058 V1179
1168 2988 1249 3075 μάλ’
1277 2995 1408 3063 dccccli

180 3089 270 3172 μάλα
301 3087 374 3158 ἶσαι
397 3095 442 3178 V,
466 3095 530 3159 XII
545 3099 608 3160 534
632 3086 749 3158 αὐτίκα
772 3095 799 3159 L
823 3087 920 3160 ἀντία
943 3096 980 3174 V,
1003 3095 1145 3160 XXVIII
1164 3101 1224 3162 433
1248 3100 1407 3184 φαίνοιΙι

180 3193 289 3276 τεάχοι
311 3195 351 3280 V,
373 3196 494 3262 XLVII
515 3200 576 3261 673
600 3188 794 3280 ἀνέρχονται
816 3198 842 3262 L
866 3189 1059 3262 ἀνέλκονται
1084 3198 1118 3263 V.
1156 3200 1267 3266 Altero
1289 3221 1406 3284 genere

181 3318 234 3364 eos
257 3301 347 3364 locos
363 3300 594 3383 componimus,
618 3301 673 3383 qui
695 3301 848 3366 infectum
871 3301 934 3365 iam
958 3301 1057 3367 luisse
1071 3300 1280 3385 archetypum
1303 3310 1405 3368 osten-

180 3399 270 3465 dunt:
295 3400 376 3465 XIII
394 3405 453 3465 175
483 3406 744 3484 τταρακείμενον,
768 3405 810 3467 ib.
828 3405 890 3466 484
912 3407 1085 3487 Περσέως,
1115 3404 1224 3469 XVIII
1243 3408 1302 3468 143
1326 3401 1404 3482 οἷος,

179 3501 320 3567 XXXIV
337 3505 399 3567 506
423 3495 557 3586 ἀγαυοῦ.
594 3504 713 3570 Verum
729 3526 769 3571 ne
791 3507 862 3588 quis
884 3507 973 3570 irrito
996 3504 1057 3570 hac
1079 3507 1162 3570 serie
1184 3507 1406 3588 perlustranda

182 3605 321 3670 laborem
348 3614 570 3690 consumptum
600 3608 763 3692 opinetur:
793 3607 961 3673 commodo
991 3614 1106 3689 poetae
1129 3608 1181 3673 vel
1205 3609 1293 3674 illino
1316 3609 1404 3674 iden·

179 3706 276 3770 tidem
294 3709 475 3773 consultum
500 3715 557 3791 est,
580 3730 651 3774 cum
667 3718 723 3775 aut
738 3711 940 3777 oblitteratae
956 3709 1115 3791 quaedam
1133 3711 1308 3792 scripturae
1323 3711 1403 3774 Mar-

180 3808 268 3873 ciano
292 3810 393 3875 invito
416 3830 480 3876 non
503 3812 572 3876 sine
594 3813 830 3895 probabilitatis
853 3812 962 3894 specie
985 3813 1236 3877 instaurarentur
1259 3821 1315 3876 aut
1335 3830 1403 3894 pcr-

179 3910 350 3991 spicerctur
372 3913 485 3978 saltem
509 3913 666 3980 beneficio
689 3913 880 3998 Hipparchi,
904 3914 958 3980 vel
980 3913 1235 3996 antiquissimam
1258 3914 1404 3979 lectionis

179 4013 364 4078 varietatem
388 4014 553 4080 codicibus
577 4017 631 4098 qui
655 4022 821 4100 supersunt
844 4016 962 4082 offerri.
997 4014 1120 4092 Quibus
1143 4036 1226 4081 nunc
1249 4016 1404 4098 neglectis

180 4114 287 4180 ordine
310 4121 418 4180 cetera
439 4116 617 4184 videamus.

261 4215 294 4283 l.
310 4217 449 4284 Primam
465 4221 563 4303 igitur
574 4239 645 4285 eam
657 4239 804 4286 versuum
818 4221 966 4302 ponimus
979 4218 1115 4302 copiam,
1132 4219 1187 4283 ubi
1200 4219 1403 4303 Hipparchus

183 4319 333 4386 Marciani
354 4321 474 4388 codicis
490 4328 672 4388 contextum
694 4323 884 4387 auctoritate
906 4343 965 4388 sua
987 4322 1143 4400 adversus
1166 4322 1347 4388 criticorum
1371 4332 1404 4387 et

1212 4425 1227 4476 8
1235 4425 1249 4455 t
