3174 5160
472 383 506 437 II.
525 381 576 438 DE
593 383 709 438 nam
726 383 859 440 ooolon
877 384 1123 442 fflPPARcfflto:
1363 383 1421 473 IIII

740 557 876 623 XXXII.

278 691 294 755 1
316 709 348 773 p.
364 692 473 756 nono
497 687 571 777 ἑξῆς
594 690 631 756 οι
654 712 756 778 φησιν
779 701 821 768 (v.
840 695 1037 771 iss-489)-
1102 693 1105 699 ·

630 794 729 860 καλοί
750 787 782 860 τ’
806 789 995 882 Ὀφιούχεοι
1018 779 1105 878 ὦμοι

336 891 436 961 αύτόν
460 893 646 961 δινεύονται
669 893 866 982 ἐληλαμένοι
888 897 966 978 περὶ
990 895 1116 962 κύκλον.

192 995 225 1062 έν
249 996 286 1063 δὲ
308 996 441 1074 τούτοις
463 999 584 1074 τελέως
607 990 728 1082 ἀγνοεῖ.

278 1201 317 1267 V.
334 1205 397 1269 489
419 1194 549 1266 «αὐτόν»
572 1201 739 1269 confirmat
767 1211 857 1270 textu
880 1205 1076 1288 Marcianus,
1100 1204 1309 1271 dissentiente
1330 1224 1421 1288 para-

192 1304 304 1389 phrasi
327 1303 519 1371 scholiastae
542 1305 585 1370 ad
600 1327 629 1371 v.
648 1307 725 1370 487:
748 1298 854 1370 ὁπλαὶ
878 1297 909 1369 δ’
928 1295 1090 1391 Ἵππειοι]
1115 1305 1150 1371 αἱ
1173 1303 1209 1371 δὲ
1224 1307 1283 1370 τοῦ
1297 1300 1422 1372 Ἵππου

192 1409 322 1493 (φησίν)
346 1398 452 1470 ὁπλαὶ
474 1406 530 1470 καὶ
553 1400 571 1471 o‘
595 1408 654 1471 τοῦ
664 1399 824 1488 Ὄρνιθος
840 1398 941 1492 αύχὴν
958 1404 1018 1471 σύν
1034 1399 1116 1494 αὐτῇ
1139 1410 1178 1494 τῇ
1195 1401 1279 1494 ἄκρᾳ
1293 1410 1423 1496 κεφαλῇ

190 1508 244 1573 καὶ
270 1506 304 1572 οἱ
322 1507 470 1590 λαμπροὶ
486 1510 546 1573 τοῦ
566 1499 744 1595 Ὀφιούχον
760 1491 964 1601 ιύμοιαύτοῦ
979 1511 1057 1595 περὶ
1081 1507 1140 1575 τὸν
1155 1508 1271 1575 κύκλον
1293 1512 1421 1576 κινοῦν-

191 1635 247 1676 ται
269 1610 532 1692 περιελαθένιες
554 1611 608 1674 καὶ
633 1607 823 1694 ἐγκείμενοι.
869 1612 1015 1678 Reenrrit
1037 1614 1069 1677 in
1093 1613 1285 1696 quibusdam
1312 1633 1420 1680 reeen-

191 1714 307 1779 tiornm
331 1712 417 1778 idem
442 1713 524 1778 illud
545 1706 677 1777 «αύτοῡ»
698 1733 758 1779 neo
788 1713 942 1780 absonum
972 1714 1116 1794 videtur,
1146 1715 1242 1781 modo
1270 1735 1311 1781 ne
1339 1716 1419 1781 anti·

192 1816 284 1898 quius
308 1815 489 1898 certiusqne
512 1814 690 1900 Hipparchi
712 1816 929 1882 testimoninm
952 1816 1107 1883 obstaret:
1131 1809 1259 1883 ‘eodem
1283 1817 1421 1900 vestigio

192 1918 277 1984 eirea
299 1915 414 1983 Caneri
439 1918 592 1983 eirenlnm
616 1908 744 2001 agitati'
770 1917 835 1983 diei
858 1918 971 1984 eodem
995 1919 1064 1983 iure
1083 1924 1190 2002 potest
1204 1938 1301 2004 qnam
1320 1910 1421 1984 αὐτοῦ
1549 1998 1554 2006 k

193 2014 240 2084 ἐνὶ
268 2022 382 2104 Τροίη,
406 2009 508 2084 αύτού
530 2009 613 2104 τῷδ’
640 2015 688 2083 ἐνὶ
713 2015 817 2106 ύημιμ,
840 2020 906 2086 alia
927 2019 1109 2087 Homerioa.

729 2240 883 2305 XXXIII.

277 2377 293 2442 Ι
314 2397 346 2460 p.
363 2378 425 2440 202
448 2376 474 2441 II
498 2372 575 2460 ἑξῆς
598 2374 635 2440 δέ
650 2395 762 2464 φησιν
785 2378 827 2453 (v.
844 2378 1041 2454 too-too·

310 2474 330 2562 ἢ
355 2469 387 2541 d'
413 2469 524 2562 ὀλίγον
549 2480 688 2563 φέρεται
711 2482 889 2567 νοτιωτέρη
913 2469 984 2543 οὐδ’
1013 2474 1199 2561 ἐπιβάλλει,

312 2582 502 2661 Παρθένος,
527 2572 612 2645 ἀλλὰ
635 2583 739 2646 Λέων
760 2581 817 2645 καὶ
840 2585 1015 2663 Καρκίνος.
1053 2583 1086 2647 οἳ
1107 2581 1168 2665 μὲν
1191 2575 1250 2665 ἅμ)
1278 2560 1381 2670 ἄμφω

311 2679 418 2768 ἑξείης
440 2684 556 2748 κέαται
576 2683 784 2768 βεβλημένοι,
810 2675 914 2765 αὐτὰρ
933 2678 954 2748 ὁ
978 2682 1094 2761 κύκλος

308 2781 368 2850 τὸν
390 2783 449 2867 μέν
472 2777 539 2849 ύπό
564 2785 693 2872 στῆθος
716 2786 770 2850 καὶ
792 2789 936 2871 γαστέρα
958 2789 1053 2868 μέχρι
1075 2779 1159 2871 παρ’
1187 2785 1271 2853 αἰδῶ

309 2890 431 2969 τέμνει,
455 2882 515 2952 τὸν
538 2885 574 2951 δέ
598 2885 772 2975 διηνεκέως
794 2881 962 2975 ὑπένερθε
981 2888 1110 2969 χελείοο
1231 2901 1235 2911 ’

311 2993 485 3072 Καρκίνον,
507 2980 562 3076 ἧχι
583 2987 732 3071 μάλιστα
756 2988 966 3072 ὄιχαιύμενόν
988 3013 1024 3055 κε
1047 2989 1183 3077 νοήσαις

314 3083 434 3174 ὀρθόν,
457 3082 502 3155 ‘t'v'
529 3081 709 3176 ὀφθαλμοί
731 3084 848 3156 κύκλου
872 3089 1051 3176 ἑκάτερθεν
1073 3091 1167 3158 ἴοιεν.

195 3191 294 3259 ταύτά
318 3196 378 3276 μοί
400 3190 492 3258 δοκεῖ
514 3191 700 3280 συμφώνως
722 3207 794 3270 τοῑς
817 3198 1034 3280 φαινομένοις
1056 3192 1229 3280 εἰρηκέναι.

275 3349 292 3398 4
310 3343 503 3416 βεβολημένοι
515 3343 682 3409 Marcianus,
701 3344 735 3399 ef.
750 3360 833 3414 supra
850 3362 877 3415 p.
893 3347 941 3400 75¹
954 3347 990 3414 117
1011 3343 1128 3415 νοήσαις
1140 3345 1221 3399 etiem
1234 3345 1330 3400 lemma
1347 3345 1420 3400 Mer·

193 3430 273 3485 niani:
293 3420 406 3501 νοήσεις
423 3433 515 3483 textus
533 3428 666 3483 Marciani
679 3430 717 3496 118
737 3421 903 3499 ὀφθαλμοῖο
922 3430 953 3483 L.

275 3619 313 3684 V.
331 3621 389 3683 491
418 3619 452 3683 οἳ
465 3617 526 3700 μὲν
548 3609 608 3702 ἅμ’
636 3612 738 3706 ύμφω
761 3616 866 3707 ἑξείης
885 3619 1001 3685 κὲαται
1015 3617 1213 3705 βεβλημένοι
1225 3612 1273 3685 ‘hi
1289 3620 1418 3703 quidem

188 3723 267 3800 (Leo
291 3730 324 3788 et
346 3721 481 3799 Cancer)
512 3723 625 3789 ordine
655 3721 772 3787 nubant
802 3714 883 3788 ieti’.
929 3723 1042 3806 Neque
1066 3723 1150 3788 enim
1173 3723 1218 3787 ita
1240 3722 1362 3804 iacent,
1385 3730 1420 3787 nt

189 3826 221 3890 in
236 3824 422 3890 uninersnm
437 3824 520 3889 alter
542 3826 584 3891 sit
606 3843 690 3908 pone
712 3824 858 3906 alterum,
882 3823 940 3890 sed
955 3833 991 3889 ut
1005 3823 1086 3888 nihil
1102 3825 1196 3890 vanni
1213 3824 1308 3907 spatii
1325 3825 1418 3890 inter·

188 3932 335 4009 ponatur.
380 3926 518 3992 Aeoedit
540 3927 676 3992 imitatio
699 3924 887 4008 Homerios,
911 3927 965 3991 nbi
988 3928 1020 3991 in
1044 3946 1154 3993 versus
1178 3927 1266 3992 exitu
1290 3926 1419 4008 saepius

188 4018 247 4109 ἅμ’
269 4019 373 4113 ἄμφω
390 4029 595 4113 coniungitur
616 4028 689 4108 (Od.
707 4028 788 4094 XXI
806 4031 875 4094 188.
899 4029 935 4094 11.
953 4029 1013 4094 VH
1029 4032 1101 4092 225.
1119 4028 1231 4094 XXIII
1247 4030 1330 4106 686).
1354 4028 1416 4093 Ita·

185 4150 249 4214 que
278 4129 387 4196 faeere
411 4150 482 4196 enm
506 4130 693 4216 Hipparcho
722 4132 924 4214 praeplacet,
954 4133 1013 4197 etsi
1044 4131 1091 4194 «oi
1119 4129 1180 4211 μὲν
1210 4122 1264 4216 ἄρ’
1299 4123 1416 4217 ἄμφω»

186 4237 275 4299 reete
290 4231 450 4299 diceretur
471 4233 591 4300 Inserta
607 4232 814 4300 continuandi
839 4236 885 4311 (ut
907 4233 953 4298 ita
968 4232 1127 4313 dieamus)
1144 4233 1303 4316 particula
1324 4225 1416 4316 «ἄρα»

185 4353 264 4402 νοτε
288 4353 390 4418 epioe.
