3174 5160
487 371 523 426 11.
543 371 594 424 DE
611 371 727 425 ARATI
745 369 878 425 comos
896 369 1140 424 HIPPARGHEO.
1391 368 1429 427 75

193 546 233 610 Il.
249 546 298 611 IX
315 550 345 612 3.
362 550 393 623 9)
416 544 568 611 inducere
591 544 738 610 volucrit.
784 544 854 610 Nec
876 544 1047 628 quicquam
1070 543 1175 628 refert,
1200 542 1287 627 quod
1310 548 1430 608 oetero-

195 648 273 730 quin
304 648 359 714 vel
382 649 563 714 Marcianus
592 647 737 712 vacillat:
766 666 840 711 nam
864 667 895 710 v.
912 650 973 712 492
995 646 1164 723 (ΧΧΧΙΙΙ)
1187 643 1431 730 «βεβολημένοι»

198 749 264 826 (ubi
287 755 396 815 tamen
415 750 490 815 libri
505 747 702 833 Hipparchei
724 750 802 813 item
817 747 1064 833 <<βεβλημένοο>),
1081 749 1114 813 in
1136 746 1282 814 versibus
1304 751 1432 828 praeter

198 851 312 932 pedem
329 853 459 917 tertium
474 870 562 916 mere
577 850 747 934 dactylicis
760 854 819 916 311
838 855 870 915 et
883 853 943 915 358
960 850 1188 935 «βεβλημένος»
1203 847 1431 932 propagavit.¹)

281 952 432 1019 (lotorum
460 944 714 1016 ςΣοοανατολαλ’
747 952 850 1017 altera
878 953 1026 1018 carminis
1057 953 1168 1017 Aratei
1197 971 1272 1034 pars
1296 952 1329 1014 in
1351 949 1431 1033 Hip-

199 1053 309 1136 parchi
336 1054 448 1121 codice
478 1052 563 1137 (sive
593 1054 769 1133 codicibus)
799 1054 953 1137 inscripta
975 1061 1059 1119 erat:
1092 1055 1130 1119 cf.
1163 1059 1259 1136 caput
1280 1053 1328 1116 Ill
1351 1072 1375 1118 s.
1399 1071 1430 1116 v.

202 1155 370 1223 Ronanus.

792 1312 834 1375 X.

280 1429 297 1492 I
318 1447 350 1510 p.
369 1429 470 1493 174Α
492 1428 571 1509 περὶ
596 1426 632 1492 δὲ
654 1431 713 1493 τοῦ
735 1427 873 1494 Βοώτοο
897 1423 914 1493 ὁ
937 1429 998 1510 μὲν
1021 1421 1167 1504 Εὔδοξός
1189 1443 1308 1513 φησιν’

325 1521 474 1595 ὄπισθεν
498 1528 534 1595 δὲ
555 1532 615 1614 τῆς
635 1528 780 1618 μεγάλης
803 1529 893 1597 ἐστὶν
916 1524 1053 1612 Ἄρκτον
1076 1527 1093 1596 ὁ
1117 1524 1354 1616 Ἀρκτοφύλαξ.

205 1623 221 1692 ὁ
242 1628 276 1695 δὲ
294 1624 436 1713 Ἄρατος
458 1638 500 1708 (v.
517 1635 672 1711 91-92p

403 1728 565 1808 ἐξόπιθεν
594 1727 625 1797 d'
648 1730 771 1822 Ἑλίκης
794 1737 932 1821 φέρεται
956 1733 1088 1799 ἑλάοντι
1110 1730 1225 1808 ἐοικώς

402 1825 641 1921 Ἀρκτσφύλαξ.

781 2008 838 2073 XI.

194 2114 202 2129 ⁸
280 2139 297 2203 I
318 2158 350 2221 p.
369 2141 470 2205 174Α
492 2141 548 2205 καὶ
572 2138 677 2205 πάλιν
701 2136 718 2206 ὁ
742 2140 802 2224 μὲν
826 2135 986 2218 Εὔδοξος·

324 2234 392 2305 ὑπὸ
418 2239 454 2305 δέ
475 2238 552 2318 τοὺς
574 2240 685 2317 adduc
706 2237 726 2329 ἡ
750 2247 932 2326 Παρθένος
954 2241 1059 2308 ἐστίν·

204 2334 219 2404 ὁ
242 2340 276 2407 οὲ
303 2336 443 2427 Ἄρατος
466 2346 509 2419 (ι.
526 2347 681 2419 oa-orr·

403 2437 627 2531 ἀμφοτέροισι
649 2445 685 2510 δὲ
708 2447 832 2512 ντοσσὶν
855 2442 1084 2513 ὖντοσκέιιτοιο
1108 2444 1250 2512 Βοώτεω

168 2566 181 2614 l
400 2550 593 2631 Παρθένον.

168 2753 173 2764 ι
282 2682 299 2731 4
317 2681 424 2735 ποσσὶν
440 2679 478 2735 L:
498 2684 585 2738 ποσὶν
602 2681 636 2736 V.

280 2833 405 2902 Summi
427 2838 582 2902 momenti
605 2844 669 2920 est,
693 2839 779 2922 quod
803 2835 1006 2922 Hipparchus
1030 2838 1079 2903 sui
1101 2836 1176 2902 libri
1198 2836 1252 2902 vel
1274 2835 1429 2900 librorum

197 2934 259 3003 fide
282 2938 472 3020 scripturam
495 2939 651 3006 Marciani
681 2932 938 3004 «incantatore»
961 2939 1132 3005 stabilivit:
1163 2957 1246 3020 quae
1276 2942 1430 3020 quantum

141 3035 145 3043 '
196 3039 323 3104 torserit
346 3045 379 3105 et
392 3039 541 3106 librarios
557 3046 589 3106 et
604 3041 730 3108 criticos
747 3042 811 3108 dici
827 3043 884 3108 vix
899 3048 1015 3125 potest.
1056 3041 1139 3107 Nam
1163 3059 1235 3105 oum
1253 3039 1431 3122 optativum

195 3141 280 3205 male
301 3141 595 3227 interpretarentur,
618 3144 738 3209 factum
762 3150 810 3210 est
832 3151 867 3211 ut
889 3145 932 3210 ad
955 3144 1154 3210 coniecturas
1176 3160 1228 3207 res
1252 3140 1429 3206 deveniret.

194 3240 375 3309 Pessimum
404 3242 472 3309 fero
493 3245 679 3327 propinavit
705 3246 739 3310 in
768 3245 909 3312 editione
930 3246 1142 3311 Buttmannus
1165 3236 1429 3318 «ὑποσκέιττειο»,

195 3362 269 3409 curn
290 3343 335 3409 ad
358 3346 509 3429 exempla
530 3347 564 3411 in
584 3339 815 3414 ‘Grammatico
839 3338 973 3413 maiore’
1000 3348 1107 3425 (1830)
1132 3349 1217 3430 387,
1236 3348 1274 3408 10
1301 3363 1430 3426 compo·

195 3445 258 3509 sita
284 3445 446 3528 relegaret
472 3444 561 3533 ἔρειο
591 3461 690 3514 σιτεῖο
713 3450 902 3532 Homerica,
932 3448 990 3516 sed
1020 3448 1195 3514 admodum
1224 3447 1367 3528 diversa,
1398 3451 1431 3511 et

194 3545 365 3613 mirificum
389 3550 551 3632 quoddam
573 3551 729 3617 Brunckii
751 3551 793 3618 ad
816 3552 1024 3635 Apollonium
1046 3552 1193 3616 1111035
1216 3553 1429 3616 commentum

193 3648 421 3730 «μειλίσσετο».
465 3652 565 3719 Missa
589 3654 772 3736 imperativi
795 3655 899 3720 forma
921 3654 1067 3720 inaudita
1090 3654 1268 3737 optativum
1292 3651 1429 3716 dicimus

194 3751 299 3817 vicem
327 3772 440 3835 gerere
468 3755 668 3837 imperativi,
703 3763 737 3820 ut
766 3757 941 3838 mitigatius
971 3762 1069 3839 poeta
1093 3749 1301 3838 ‘conspiceris
1331 3752 1428 3817 velim

193 3853 253 3918 sub
275 3855 434 3922 ambobus
456 3856 594 3939 pedibus
615 3858 753 3923 Bubulci
776 3851 954 3941 Virginem'
980 3859 1141 3941 legentem
1163 3856 1366 3936 adhortetur,
1398 3860 1430 3919 ot

193 3956 389 4023 conferimus
417 3978 448 4022 v.
472 3961 534 4023 247
569 3949 756 4045 ἀμφότεροι
790 3957 826 4023 δὲ
858 3958 963 4037 redden
995 3960 1145 4046 γαμβροῦ
1175 3955 1429 4044 ἐπισημαίνοιεν

194 4061 345 4141 Περσέος
364 4051 442 4125 ‘sint
461 4060 563 4143 pedes
578 4062 674 4127 ambo
692 4061 813 4145 Cephei
830 4063 941 4130 Persei
963 4053 1129 4129 indicium’
1156 4069 1188 4127 et
1209 4062 1315 4143 ipsum
1337 4061 1428 4125 illum

281 4243 301 4307 ¹)
318 4240 466 4297 Homerum
486 4236 674 4317 ιβεβο’λημαι’
692 4245 725 4299 de
749 4246 840 4301 animo
864 4245 953 4311 laeso,
973 4239 1142 4319 ‘sstptlppou'
1161 4244 1194 4299 de
1217 4259 1330 4316 corpore
1349 4259 1428 4299 usum

193 4341 252 4382 esse
269 4327 426 4383 Aristarchi
442 4329 580 4384 sententia
597 4336 657 4385 erat
674 4330 789 4397 (Ιιολινε1
805 4346 833 4400 p.
846 4333 896 4397 64).
