3174 5160
248 1066 480 1185 ‘Interpretnm
496 1091 597 1164 Arati'
617 1099 805 1165 laterculum
822 1097 902 1164 falso
918 1097 1103 1181 inscriptum
1121 1117 1162 1163 ex
1178 1097 1290 1164 codice
1306 1097 1393 1162 Vati·

171 1229 247 1273 cano
273 1213 331 1274 191
358 1229 383 1274 s.
406 1206 522 1291 XIV¹)‚
546 1208 600 1272 ubi
624 1215 696 1292 post
719 1209 885 1290 isagogem
903 1208 1053 1272 Arateam
1077 1206 1173 1272 modo
1190 1206 1393 1273 Eratostheni

171 1310 264 1376 modo
277 1309 464 1394 Hipparcho
478 1311 634 1400 tributam·
644 1310 770 1393 legitur,
787 1330 808 1375 a
821 1310 960 1374 Victorio
978 1311 1010 1374 in
1026 1311 1114 1375 calce
1131 1310 1237 1393 operis
1253 1329 1284 1393 p.
1297 1310 1392 1392 9sqq.

170 1414 406 1477 commemorati
423 1413 544 1478 editum
569 1432 639 1478 esse
663 1411 771 1477 Herm.
789 1413 851 1477 vol.
869 1411 945 1476 XVI
960 1431 991 1494 p.
1009 1413 1071 1476 385
1083 1432 1152 1495 sqq.
1178 1413 1391 1495 exposuimus.

170 1512 269 1591 Quem
284 1514 424 1581 indicem
440 1511 540 1594 (ΑΑ*)
556 1534 641 1580 novo
656 1519 738 1579 teste
753 1514 883 1580 invento
891 1515 1047 1581 Vaticano
1064 1518 1121 1581 381
1141 1536 1165 1581 s.
1178 1513 1239 1579 XV
1256 1515 1305 1590 (B)
1322 1534 1392 1596 sup-

169 1617 255 1698 plere
272 1617 363 1683 etad
378 1618 513 1684 formam
530 1618 686 1698 integram
702 1616 903 1698 aliquatenus
919 1616 1067 1699 redigere
1083 1618 1245 1699 potuimus
1262 1615 1391 1681 ibidem.

169 1718 285 1783 Verum
302 1720 335 1784 iu
357 1720 415 1784 illa
430 1719 698 1784 commentatione
712 1719 865 1783 nonnulla
881 1719 1070 1801 corrigenda
1085 1720 1294 1802 reperiuntur,
1311 1736 1393 1800 quae

169 1828 198 1885 et
219 1822 276 1886 alii
294 1826 484 1887 monuerunt
507 1826 539 1885 et
560 1821 622 1903 ipsi
645 1819 765 1885 dudum
790 1821 1008 1903 cognovimus,
1031 1840 1090 1885 nec
1112 1821 1193 1886 scitu
1218 1820 1317 1902 digna
1339 1820 1392 1885 de·

169 1931 254 2004 sunt,
285 1941 382 2004 aegre
411 1941 494 2005 quae
523 1922 698 1988 desideres.
749 1921 840 1999 Quae
870 1923 978 1987 omnia
1006 1923 1157 2005 quoniam
1187 1922 1392 1987 multifariam

170 2042 238 2088 cum
262 2023 378 2090 litteris
401 2025 528 2089 Arateis
557 2044 683 2091 conexa
705 2032 792 2107 sunt,
823 2024 939 2088 iterare
962 2025 1004 2090 de
1027 2027 1151 2108 integro
1173 2024 1392 2108 quaestionem

168 2123 206 2189 ad
230 2143 282 2189 res
303 2126 470 2206 quasdam,
494 2126 528 2190 ni
543 2127 693 2208 fallimur,
717 2125 941 2208 gravissimam
964 2126 1024 2193 hoe
1047 2128 1157 2213 libello
1180 2125 1392 2192 decrevimus.

251 2226 299 2290 En
315 2228 496 2306 catalogum
513 2228 701 2294 Vaticanum
718 2228 847 2293 induas
872 2235 979 2311 partes
996 2229 1178 2313 discretum,
1202 2226 1288 2311 quod
1307 2227 1393 2292 idem

169 2329 242 2392 alibi
266 2331 387 2394 factum
409 2329 696 2396 animadvertimus
719 2330 921 2413 aliquotiens.

449 2498 482 2564 σί
504 2501 665 2585 περὶτοῦ
688 2501 830 2586 ποιητοῦ
855 2492 1104 2580 συνταξάμενοι.

169 2619 208 2683 Α;
231 2611 391 2694 Ἀτταλος
404 2612 538 2696 Ῥόδιος.
563 2613 777 2704 Ἀρίσταρχος
793 2616 930 2701 Σάμιος.
953 2611 1181 2694 Ἀπολλώνιος
1195 2620 1392 2703 γεωμέτρης.

230 2713 419 2804 Ἀντίγονος
430 2719 666 2806 γραμματικός.
682 2715 892 2808 Ἀγησιάναξ.
904 2714 1115 2807 Ἀρίστυλλοι
1128 2714 1186 2784 δόο
1199 2722 1392 2804 γεωμέτραι.

230 2820 377 2908 Βόηθος.
410 2829 558 2906 Γεμῖνος.
589 2823 764 2900 Διόδοτος.
793 2822 944 2906 Δίδυμος
968 2822 1115 2899 Κνίδιος.
1142 2816 1392 2910 Ἐρατοσθένης.

221 2920 425 3007 Ἕρμιππος.
442 2918 631 3003 Εὐαίνετος.
648 2924 774 3010 Ζήνων.
788 2920 990 3012 Ἡλιόδωρος
1006 2922 1156 3000 στωικός.
1183 2925 1303 3009 Θαλῆς.
1320 2914 1393 2989 ‘'Irc-

231 3051 360 3113 νταρχος
374 3025 532 3104 Βιθυνός.
556 3025 699 3114 Κράτης.
724 3026 857 3110 Πόρρος
871 3026 1021 3114 Μάγνης.
1045 3032 1277 3112 Παρμενίσκος
1288 3050 1393 3111 γραμ-
1415 3035 1430 3083 5

230 3127 379 3211 ματικός.
408 3133 571 3218 Σμίνδης.
610 3128 779 3211 Τιμόθεος
803 3125 856 3216 [--
872 3127 935 3215 23].

168 3228 227 3297 A*:
251 3225 478 3308 Ἀπολλώνιος
506 3225 743 3316 γραμματικός.
788 3226 1000 3317 Ἀρίστυλλος
1028 3235 1138 3315 μέγας.
1178 3222 1394 3313 Ἀρίστυλλος

230 3331 357 3415 μικρός.
386 3325 602 3417 Ἀρίσταρχος
616 3334 853 3418 γραμματικός.
891 3328 1145 3420 Ἀριστοφάνης.
1179 3326 1394 3410 Ἀλέξανδρος

230 3432 400 3511 Αἰτωλός.
434 3427 649 3520 Ἀλέξανδρος
667 3429 828 3522 Ἐφέσιος.
863 3436 1012 3518 Δίδυμος
1036 3433 1191 3521 πονηρός.
1218 3427 1394 3508 Εὐαίνετος

230 3534 549 3623 ἕτεροςἝρμιντντος
561 3537 833 3625 περιπατητικός.
852 3539 1064 3621 Καλλίμαχος
1077 3544 1272 3624 Κυρηναῖος.
1289 3529 1395 3600 Κλεό·
1418 3546 1445 3595 10

230 3661 371 3725 στρατός
391 3639 554 3716 Τενέδιος.
578 3639 768 3726 Νουμήνιος
783 3639 1018 3726 γραμματικός.
1035 3639 1249 3727 Παρμενίδης
1266 3635 1393 3725 [----·14]Ι

251 3778 267 3826 4
285 3769 392 3846 odram
411 3775 496 3829 codex
518 3780 527 3841 ΙΙ
548 3781 562 3828 5
581 3771 672 3847 πόρος
685 3775 770 3830 codex
790 3778 799 3845 ΙΙ
823 3782 889 3830 1-9
908 3777 1016 3832 nomina
1028 3769 1215 3839 Ἀπολλώνιος
1227 3805 1258 3812 -
1272 3774 1394 3842 Δίδυμος

171 3864 230 3924 post
249 3861 427 3931 Παρμενίδης
445 3860 548 3928 scripta
573 3867 636 3914 sunt
660 3859 689 3914 in
707 3861 813 3915 codice:
837 3863 945 3915 traiecit
961 3861 1106 3915 Boehmius
1121 3853 1205 3914 ‘Mus
1224 3851 1308 3912 rhen?
1329 3863 1392 3912 1881

171 3957 196 4007 p.
215 3947 329 4014 307nqq.
352 3950 361 4011 ΙΙ
385 3949 400 3998 8
419 3957 503 4011 supra
519 3936 704 4017 Ἀρίσταρχος
726 3946 812 4000 altera
837 3961 932 3999 manus
956 3945 1067 4013 scripsit
1089 3950 1167 4012 λαμνι
1185 3943 1277 3997 addito
1296 3943 1393 3998 abbre-
1498 4014 1499 4019 ἵ

173 4025 255 4080 viandi
267 4028 357 4098 uign03
371 4044 406 4082 an
419 4025 571 4100 λαμπρόςλ
592 4032 602 4096 it
627 4036 664 4094 10,
677 4037 688 4084 1
702 4033 913 4103 καλλίοτρατος
926 4031 1023 4084 codex:
1043 4045 1105 4084 corr
1118 4031 1206 4097 Bergk
1215 4024 1358 4082 ‘Zeitschu
1371 4029 1391 4083 f.

176 4109 198 4161 d.
216 4109 581 4169 Alterthumswisnenuchaft'
602 4120 665 4170 1843
683 4133 710 4184 p.
725 4119 775 4169 926
794 4124 821 4170 et
841 4116 966 4170 Mainake
980 4111 1089 4169 ‘Philon
1110 4116 1219 4168 exercit.
1238 4117 1265 4168 in
1285 4111 1391 4170 Athen'

178 4193 295 4265 ltprogt.
313 4198 445 4253 Joaehim.
468 4203 542 4263 1843)
560 4218 588 4268 p.
603 4204 643 4271 23.

262 4315 280 4379 ¹)
296 4315 417 4372 Diximus
435 4318 468 4372 de
485 4318 538 4372 hoc
556 4319 649 4374 codice
666 4336 693 4387 p.
716 4324 754 4372 11.
