3174 5160
533 383 579 438 lv.
600 382 649 436 DE
668 381 840 436 CRATHTE
859 382 1046 437 MALLOTA.
1342 381 1401 441 179

172 560 349 623 Auctorem
378 557 542 623 Heraclito
573 562 606 623 et
633 556 827 624 scholiastae
856 576 1058 621 communem
1087 554 1290 621 Aristarchus
1318 557 1401 621 refu·

170 662 255 726 lavil
284 659 435 726 schohT
465 658 507 723 ad
529 659 608 724 l.c.:
637 651 683 733 τός
709 655 789 742 <τά>
817 650 956 742 οὐράνια
984 662 1061 741 τρία
1091 655 1299 742 διαστήματα
1327 655 1402 738 έχει,

171 755 256 846 άέρα
278 764 375 844 μέχρι
397 759 561 844 νεφελῶν,
585 754 658 823 εἶτα
681 757 806 844 αἰθέρα
828 763 923 843 μέχρι
944 761 1012 825 τιῦν
1035 762 1246 845 φαινομένων
1267 761 1323 824 καὶ
1345 762 1403 844 τῆς

170 860 259 939 Διὸς
276 855 388 946 ἀρχῆς,
407 852 494 925 οὕτω
510 864 566 927 καὶ
582 854 651 925 ἀπὸ
675 864 733 948 γῆς
756 853 942 940 εἷςἌιὸοο,
967 854 1035 926 άπὸ
1062 860 1097 926 δέ
1113 860 1225 927 Ἅιδου
1249 860 1297 938 εἰς
1316 860 1403 944 Τάρ-

171 990 288 1051 ταρον.
328 962 429 1050 δῆλον
452 961 497 1041 dt,
521 961 575 1027 ότι
598 954 635 1027 οέ
652 960 872 1049 σφαιροειδὴς
894 957 914 1049 ἡ
936 964 975 1050 γῆ
989 961 1074 1027 κατὰ
1090 965 1209 1028 τοῦτον
1223 961 1282 1028 τόν
1297 963 1403 1048 λόχον,

171 1061 246 1133 ἀλλ’
275 1065 442 1141 ἐπίπεδος
458 1065 571 1142 (Lehrs
594 1086 625 1148 p.
645 1070 726 1141 174).
763 1067 894 1149 AmbIgi
911 1085 951 1130 ne
967 1068 1023 1130 vin
1040 1065 1170 1148 quidem
1187 1073 1303 1148 potest,
1327 1068 1404 1149 quin

171 1172 347 1238 (inuncans
359 1175 573 1235 commentum
585 1168 696 1250 adepti
709 1169 819 1234 simus:
832 1169 999 1250 globosam
1011 1169 1067 1234 ille
1079 1175 1196 1233 terram
1209 1170 1251 1233 ab
1264 1169 1403 1234 Homero

171 1273 332 1339 creditam
356 1290 428 1337 esse
450 1271 612 1337 mordicus
635 1270 781 1336 defendit
803 1270 854 1345 (cf.
878 1290 929 1335 ex.
953 1291 999 1353 gr.
1024 1291 1055 1354 p.
1073 1274 1113 1334 42
1130 1271 1304 1347 Wachsm.)

258 1374 311 1439 Ad
333 1374 492 1456 insignem
505 1363 687 1438 ‘Heracliti'
714 1372 859 1455 eclogam
876 1393 902 1437 c.
920 1377 1041 1437 43-51
1061 1374 1235 1456 pergimus.
1267 1371 1403 1438 Achillis

170 1480 279 1562 clipeo
310 1477 394 1542 libro
424 1475 533 1539 XVIII
562 1473 674 1539 Iliadis
705 1473 866 1558 descripto
897 1475 1007 1539 mundi
1043 1474 1186 1557 effigiem
1223 1476 1404 1559 exprimere

169 1586 301 1662 poetam
326 1578 468 1643 voluisse
497 1577 770 1642 demonstraturus
799 1578 840 1641 ah
870 1577 1038 1644 elementis
1067 1578 1194 1660 incipit:
1225 1577 1280 1639 νῦν
1304 1572 1404 1638 δὲτὰ
1430 1634 1433 1643 .

169 1684 316 1762 τέτταρα
333 1689 481 1758 στοιχεῖα
495 1682 665 1760 κίρναται·
689 1679 744 1742 καὶ
757 1676 879 1762 χρυσὸν
895 1679 954 1759 μὲν
971 1670 1126 1760 ὠνόμασε
1141 1675 1200 1762 τὴν
1218 1673 1403 1761 eicientes

171 1781 287 1868 φύσιν,
313 1775 455 1863 άρχορον
478 1779 514 1843 δὲ
529 1776 588 1843 τόν
605 1773 688 1866 αὐτῇ
709 1782 751 1865 τῇ
765 1782 862 1866 χροιᾷ
878 1779 1158 1861 συνομοιούμενον
1174 1772 1270 1861 άέρα·
1284 1774 1405 1857 χαλκὸς

169 1883 208 1946 δὲ
230 1884 286 1946 καὶ
303 1887 501 1965 κασσίτερος
516 1881 605 1967 ὕδωρ
628 1905 664 1945 τε
686 1883 741 1946 καὶ
765 1884 805 1968 ys}
821 1881 1106 1966 προσαγορεύεται
1122 1878 1178 1945 διὰ
1201 1877 1260 1963 τὴν
1284 1879 1317 1943 έν
1340 1871 1405 1960 άμ-

169 1989 330 2072 φοτέροις
340 1982 521 2071 βαρύτητα.
550 1985 701 2050 Furatum
717 1985 774 2049 illa
787 2004 857 2050 esse
870 1977 1095 2050 ‘Heraclitum'
1110 1985 1281 2066 adsumpto
1298 1982 1404 2046 Probo

169 2088 316 2171 aperitur
335 2088 498 2151 commin
515 2077 762 2169 Verg.‘Georg.’
782 2087 842 2149 Iv.
861 2089 922 2149 244
939 2107 970 2168 p.
988 2090 1027 2149 42
1036 2107 1082 2168 sq.
1109 2087 1209 2150 Keil:
1233 2080 1278 2146 Si
1289 2086 1404 2143 tomen

168 2185 319 2250 oeli'rnns
335 2205 466 2248 omnem
482 2183 705 2268 di‘li'gentiom
722 2185 760 2248 in
774 2183 1021 2248 examinandis
1033 2183 1183 2248 Homeri
1193 2180 1405 2245 carminibus

169 2287 349 2361 adhihere,
375 2284 547 2370 fortassis
581 2285 632 2348 ibi
661 2308 795 2371 quoqne
828 2286 1069 2372 descriptiones
1106 2285 1214 2348 hrer'ns
1248 2283 1404 2347 ordinem

163 2387 343 2474 possimus
366 2385 533 2451 invenire.
573 2386 711 2472 Clipens
735 2387 826 2450 enim
848 2387 1000 2451 Achillis
1015 2387 1171 2474 qninqne
1194 2385 1329 2450 orbibus
1352 2386 1405 2449 in-

171 2496 291 2553 textus
306 2487 401 2574 fnit,
424 2510 572 2573 qnorum
596 2487 645 2550 sio
667 2487 826 2552 meminit
847 2493 895 2567 (Il.
911 2493 976 2556 XX
999 2515 1028 2556 v.
1046 2494 1243 2567 nde—rm:

864 2595 900 2657 αἳ
923 2588 952 2656 d’
981 2586 1033 2674 dp'
1061 2593 1111 2657 έτι
1132 2605 1220 2677 τρεῖς

351 2681 445 2782 ἦσαν,
469 2693 544 2759 ἐπεὶ
568 2697 668 2757 πέντε
691 2692 818 2774 πτύχας
841 2690 944 2778 ἤλασε
966 2695 1220 2772 Κολλοποόίιον,

286 2852 289 2857 .
349 2795 411 2872 τὰς
433 2794 491 2861 όόο
512 2796 676 2876 χαλκείας,
700 2789 758 2860 dto
782 2789 811 2858 δ’
838 2795 956 2861 ’ένόοθι
978 2801 1200 2880 κασσιτέροιο,

347 2896 407 2986 τὴν
430 2897 465 2962 δὲ
487 2904 568 2979 μίαν
588 2903 744 2984 χρυσέην·
766 2901 807 2983 τῇ
831 2892 860 2984 ῥ’
887 2899 999 2980 έσχετο
1020 2899 1158 2980 χάλκεον
1181 2897 1282 2981 έχχος.

172 3000 268 3062 Nam
284 2997 524 3063 examinemus
546 2999 688 3061 colorem
704 2999 923 3061 metallorum
940 3005 973 3061 et
986 2999 1215 3062 conditionem
1231 3019 1405 3071 zonarum,

174 3108 207 3166 et
212 3101 410 3188 poterimus
422 3107 510 3165 reete
520 3107 727 3185 comparare,
745 3105 786 3163 nt
800 3100 1023 3164 cassiterinos
1039 3099 1097 3179 (id
1111 3106 1161 3162 est
1167 3100 1308 3183 plumbi
1320 3098 1406 3178 aldi)
1459 3120 1461 3125 ·

172 3226 274 3268 zonas
297 3201 433 3267 dinerit
445 3201 748 3287 septentrionalem
772 3203 1019 3276 neostraton,
1044 3186 1085 3265 nt
1105 3199 1407 3289 scilicetfrigidas

174 3407 355 3474 repugnantia
373 3405 536 3472 dIstinguere
555 3404 650 3458 editori
668 3405 813 3458 novissimo
831 3405 942 3473 placuit.
973 3404 1091 3456 Homero
1104 3404 1265 3471 explicando
1284 3403 1325 3465 tll.
1341 3403 1406 3455 Vlll

174 3508 196 3543 v.
211 3495 253 3554 13)
271 3490 437 3558 adscriptum
455 3490 537 3542 etiarn
561 3489 692 3543 scholium
717 3487 771 3541 fuit
795 3488 828 3540 ad
848 3488 957 3541 Hesiodi
971 3482 1094 3556 ‘Theop¹
1112 3506 1136 3542 v.
1154 3495 1201 3542 119
1223 3483 1359 3561 Τάρταρά
1378 3482 1406 3542 τ)

173 3568 324 3647 ἠερόεντα]
344 3569 380 3629 τὰ
400 3571 534 3643 διήκοντα
552 3572 634 3642 μέχρι
653 3577 712 3628 τῶν
729 3568 860 3642 ἐσχάτων
877 3575 926 3642 τῆς
943 3578 1001 3644 γῆς.
1037 3568 1205 3646 «ἠερόεντα»
1224 3574 1253 3629 δὲ
1272 3568 1406 3628 σκοτεινά

239 3654 300 3715 άπὸ
325 3661 378 3714 τοῦ
401 3653 611 3730 ταράττεσθαι,
633 3652 727 3722 ἐπειδὴ
746 3648 796 3721 (ὥς
820 3664 916 3724 φασιν)
939 3653 993 3722 ἕως
1018 3649 1073 3715 ὦδε
1094 3655 1156 3714 εἷπε
1173 3656 1209 3715 τά
1228 3652 1253 3714 δ’
1271 3668 1405 3728 στοιχεῖα.

174 3742 204 3798 ἐν
216 3738 325 3816 πρώτῳ
337 3740 395 3814 γὰρ
408 3743 475 3805 (scil.
493 3744 522 3796 in
535 3743 618 3796 Scuto
631 3759 655 3796 v.
669 3747 728 3808 255,
746 3742 817 3808 quod
830 3742 1005 3796 conlectionis
1019 3743 1322 3798 cuiusdamHesiodeae
1334 3743 1407 3811 apud

174 3828 301 3882 Tzetzam
320 3844 347 3894 p.
364 3831 394 3880 17
408 3827 493 3882 Gaisi.
507 3827 643 3882 indicatae
658 3827 776 3899 ¹primurn
789 3826 949 3880 fasciculum
962 3829 1059 3885 effecitl
1077 3825 1212 3901 Τάρταρα
1231 3824 1266 3884 τὰ
1284 3824 1405 3898 ὑπόγεια

173 3913 243 3985 μέρη
255 3911 338 3982 λέγει,
352 3932 389 3968 τα
401 3905 510 3985 ῥιγηλά,
522 3907 582 3970 άπὸ
598 3915 651 3968 τοῦ
662 3906 774 3978 τρόμον
786 3908 923 3978 ἐμποιεῖν.
949 3912 1069 3978 Quocum
1083 3929 1228 3980 componas
1239 3915 1405 3980 Stephanum

174 4014 228 4052 av.
242 3996 407 4069 Τάρταρος]
418 4001 583 4054 ΚΡΑΤΗΣ
589 3993 642 4053 τὸν
653 3989 711 4052 ὑπὸ
722 4005 785 4060 τοῖς
797 3991 898 4061 πόλεις
911 3993 983 4063 ἀέρα
996 3995 1090 4069 παχύν
1108 4019 1139 4054 τε
1152 4002 1200 4053 καὶ
1214 3993 1325 4066 ψυχρόν
1343 4015 1405 4050 τινα

173 4087 220 4140 καὶ
238 4076 414 4152 όφιότιστον,
424 4073 547 4155 (Όμηρος
565 4075 594 4138 δὲ
608 4080 701 4137 τόπον
719 4076 790 4136 εἶναι
804 4081 960 4150 συνέχοντα
972 4078 1040 4147 τοίς
1057 4086 1122 4154 περὶ
1143 4079 1259 4153 Κρόνον
1273 4126 1278 4137 .
1292 4126 1297 4135 .
1311 4125 1316 4136 .
1330 4080 1405 4151 λέχε-

175 4188 219 4224 ται
232 4168 262 4224 δὲ
281 4171 340 4227 incl
358 4166 447 4232 codd.)
463 4162 544 4236 παρὰ
561 4160 596 4223 τὸ
616 4161 773 4238 ταράσσειν
791 4169 973 4237 ταρταρίζειν
991 4166 1025 4222 τὸ
1040 4164 1245 4236 ταράσσεσθαι.
1276 4165 1406 4232 Adscrip-

176 4253 257 4307 simus
269 4253 448 4319 Stephanum,
467 4252 530 4320 quia
542 4253 637 4305 ultima
655 4251 689 4304 de
706 4252 854 4319 veriloquio
867 4257 949 4319 atque
962 4252 1095 4306 scholium
1110 4252 1271 4314 llesiodeurn
1284 4254 1406 4319 praeter·

175 4338 245 4391 misit
263 4336 490 4390 Wachsmuthius
508 4352 535 4404 p.
549 4340 605 4390 41.-

1200 4423 1252 4475 12*
