3174 5160
408 353 453 408 VI.
473 353 673 408 MEMORIAE
691 353 868 409 ARATEAE
887 355 935 409 ET
955 356 1174 412 HESIODEAE.
1342 359 1403 418 257

173 523 344 608 ἐσκέψατο
368 517 400 588 d'
420 523 468 600 εἰς
483 522 634 590 ἐνιαυτὸν
656 522 806 610 ἀστέρας,
824 525 859 590 o‘t'
871 549 908 590 κε
922 526 1070 609 μάλιστα
1085 535 1265 613 τετυγμένα
1281 537 1403 618 σημαί-

174 651 264 693 νοιεν
293 617 368 691 uri?
423 628 486 694 Ubi
515 625 723 707 «ἐστέψατο»
753 630 882 712 irrepsit
912 631 944 695 in
974 631 1146 698 Clementis
1178 634 1306 701 codices
1335 635 1404 714 (LV

175 729 338 794 Dindorfii
353 728 402 792 ΙΙΙ
423 749 454 813 p.
471 732 508 794 81
527 750 558 813 p.
577 735 637 796 709
654 732 790 804 Pott.)¹⁵t
804 724 880 796 ‘non
896 723 1008 814 male’,
1032 734 1303 815 quemadmodum
1319 737 1403 802 male

173 837 287 897 eenset
301 831 441 898 Grotius.
479 832 572 898 Nuno
586 835 664 900 sutis
680 841 729 899 est
744 833 905 898 monuisse
921 835 1030 900 verbis
1046 833 1219 900 πάντοθεν
1235 833 1404 919 εἰδόμενος

172 933 258 998 initii
293 928 459 1016 ἐσκέψατο
492 926 568 997 nrt?
605 935 853 1002 eommonefieri.
903 935 983 1000 Item
1014 957 1043 1001 v.
1069 941 1186 1020 742sq.
1209 938 1252 1003 ad
1279 939 1404 1004 initium

172 1035 354 1118 respicitur.
400 1037 549 1119 Denique
579 1038 706 1122 poetica
738 1058 790 1102 ars
821 1057 904 1119 quae
934 1056 993 1120 per
1015 1045 1115 1104 totum
1138 1058 1266 1104 carmen
1289 1040 1404 1105 eadem

173 1138 206 1201 in
221 1138 389 1219 prooemio
404 1140 589 1220 oonspioua:
605 1138 779 1221 anaphora,
796 1130 863 1202 ἀπὸ
881 1139 994 1203 κοινοῦ
1010 1147 1176 1223 structura,
1195 1141 1402 1223 adlitteratio,

174 1239 411 1304 enuntiatorum
436 1243 579 1307 membra
601 1243 779 1323 aequaliter
802 1241 1011 1320 conformata,
1035 1241 1149 1319 alia¹⁶).

226 1696 231 1701 ,
260 1631 455 1696 Drouusruu
488 1632 713 1697 Pnurnonunu
752 1633 981 1716 persequentes
1018 1634 1138 1697 lumina
1171 1633 1293 1697 Aratea
1331 1652 1404 1698 oon·

170 1730 356 1816 ligimus2¹⁷i

374 1834 557 1917 Dionysius.
1044 1839 1171 1899 Aratus.

194 1954 258 2016 584
282 1949 438 2036 λοξστέρῃ
460 1949 522 2035 γάρ
553 1955 657 2039 τῆμος
686 1951 761 2018 ἐπι·
835 1959 875 2020 43
898 1956 1051 2036 μειοτέρῃ
1087 1949 1150 2034 γάρ
1182 1955 1278 2016 πάσα
1306 1976 1403 2035 περι-

279 2056 460 2139 στρέφεται
472 2053 692 2140 στροφάλιγγι
709 2057 760 2134 (ef.
900 2059 1081 2140 στρέφεται
1105 2053 1337 2140 στροφάλιγγι.

279 2177 311 2220 V.
328 2159 390 2220 618
406 2177 444 2216 ω
460 2161 522 2222 42.

194 2261 255 2325 298
276 2252 378 2344 Ῥήνῳ
392 2250 421 2321 d'
434 2162 541 2345 ἑξείλγς
553 2255 763 2324 ἐπιτέλλεται
815 2263 876 2322 214
899 2256 1070 2338 μεσσόθεν
1112 2253 1269 2346 ἡμιτελὴς
1306 2283 1403 2343 περι-

281 2356 369 2440 ἶερὸς
385 2353 526 2441 Ἴστρος,
899 2360 1049 2425 τέλλεται
1073 2358 1162 2443 ἱερὸς
1176 2352 1308 2436 Ἵππος.
1366 2384 1368 2388 ·

193 2466 254 2529 299
271 2455 398 2546 Ἴστρος
409 2458 443 2536 ἒς
454 2453 762 2561 άντολίηντετραμ-

277 2566 376 2645 μένος
398 2556 472 2644 άχρι
495 2561 681 2648 θαλάσσης.

192 2670 254 2733 926
277 2661 403 2730 τυτθὸν
431 2657 486 2728 ἐπ’
522 2658 677 2751 άντσλίνγν
707 2689 761 2729 τε·
814 2671 876 2733 632
898 2668 953 2730 καὶ
966 2664 1073 2748 τὸμὲν
1087 2663 1250 2753 ἒςλοφιὴν
1262 2690 1404 2750 τετραμ-

277 2770 464 2849 τραμμένος
493 2761 586 2849 άχρις
608 2760 759 2834 Ἐλάνων.
898 2771 997 2848 μένον
1010 2760 1176 2853 άχριπαρ)
1193 2761 1293 2833 αὐτὸν
1304 2765 1403 2833 δύνει.

175 2875 255 2936 1034
276 2866 398 2934 τόσσον
428 2861 485 2932 ἐπ’
523 2862 678 2956 άντολίην
706 2893 760 2933 τε·

275 2975 458 3054 τραμμένοι
482 2966 557 3053 άχρι
580 2970 729 3036 πυλάων.

259 3207 289 3267 ¹⁵)
309 3206 411 3259 Eodem
425 3200 616 3262 ‘Stromatum'
635 3208 696 3261 loeo
716 3206 838 3261 Clemens
862 3204 965 3263 «τάδε»
985 3213 1015 3259 ut
1032 3207 1152 3260 Achilles
1179 3221 1262 3274 supra
1280 3224 1306 3274 p.
1320 3210 1352 3259 42
1360 3222 1400 3274 sq.

259 3292 291 3354 ¹³)
311 3290 427 3344 criticae
440 3295 558 3346 Arateae
570 3291 720 3346 subsidium
739 3290 812 3344 haud
830 3291 886 3345 leve
904 3306 937 3344 ex
950 3291 1096 3358 figurarum
1115 3307 1167 3344 usu
1187 3291 1332 3358 petendum
1350 3298 1400 3344 est.

174 3374 238 3430 vide
256 3380 306 3430 ssi
325 3395 361 3444 ω
378 3379 489 3442 εστ-ν,
508 3381 566 3442 417,
585 3376 647 3430 auu

257 3461 289 3525 ¹²)
306 3458 452 3514 Homerum
479 3462 603 3516 consulto
631 3462 779 3516 omittimus
806 3461 850 3522 tot.
869 3452 922 3513 ‘113
941 3458 1007 3513 XXI
1025 3477 1048 3513 v.
1066 3466 1112 3514 151
1141 3457 1286 3530 δυστήνων
1312 3460 1341 3516 δέ
1369 3479 1400 3516 τε

174 3549 267 3610 παῖδες
290 3542 352 3618 ἐμῷ
372 3546 450 3614 μένει
473 3541 628 3603 άντιόωσιν
652 3562 689 3598 ω
708 3551 803 3614 utrisq.
830 3546 863 3598 de
887 3545 1015 3599 monstris
1039 3545 1149 3599 marinis
1172 3545 1332 3614 δυσμενέων
1356 3565 1402 3600 τοι

174 3633 267 3695 παῖδες
295 3623 473 3698 ἑλισσόμενοι
497 3634 564 3702 περὶ
587 3628 698 3687 πόντον
722 3633 829 3695 κείνοις
854 3622 1021 3687 άντιάσειαν
1044 3623 1212 3698 ἀλώμενοι),
1238 3630 1303 3685 item
1320 3631 1400 3684 Calli·

174 3717 309 3778 nacium,
335 3715 368 3770 de
390 3731 445 3783 quo
470 3716 622 3784 composuit
647 3715 777 3769 nonnulla
802 3716 832 3769 Ο.
845 3713 1034 3768 Schneiderus.
1077 3715 1166 3768 Etiam
1193 3715 1356 3769 Theocritus
1373 3714 1400 3766 in

174 3796 292 3869 Dionysii
301 3805 442 3854 auctorum
452 3815 563 3854 numero
573 3799 713 3854 habendus
732 3807 782 3853 est.
811 3799 895 3854 Cuius
914 3799 1047 3866 estquod
1066 3802 1150 3853 Arato
1164 3800 1267 3853 addixit
1277 3799 1400 3852 Bueche-

174 3881 240 3940 ierus
257 3879 356 3950 (Mus.
369 3877 455 3956 rhen?
467 3885 586 3938 XXXIX
597 3887 663 3938 1884
680 3901 708 3952 p.
723 3888 831 3953 iidsq.)
843 3902 865 3938 v.
881 3889 928 3937 130
947 3879 1058 3954 φράζεο
1077 3883 1104 3938 δ’
1119 3881 1152 3939 ἐκ
1162 3887 1262 3940 κείνου
1279 3903 1401 3955 τετραμ-

174 3968 254 4036 μένος
272 3959 355 4035 αὖθις
371 3961 422 4026 ἐκ)
444 3966 573 4043 Ἄρκτους
592 3970 713 4042 Αἰγαίου
731 3965 852 4025 πόντοιο
872 3965 983 4025 πλατὺν
999 3964 1096 4037 πόρον
1109 3981 1145 4017 Ν
1158 3963 1290 4038 ‘Thetys'
1311 3984 1334 4021 v.
1353 3972 1399 4022 112

168 4039 270 4128 Ἕβρον
288 4050 362 4125 πρὸς
379 4051 515 4124 ποταμὸν
538 4055 735 4128 τετραμμένος
753 4045 874 4126 ἐγγύθεν
891 4051 998 4122 άρκτω.
1034 4053 1149 4120 Propius
1167 4053 1237 4106 enim
1256 4052 1292 4107 ad
1309 4052 1398 4106 Theo-

177 4139 264 4194 tritum
282 4154 362 4208 quam
379 4140 414 4194 ad
432 4141 510 4194 Arati
527 4155 587 4206 eos,
607 4141 654 4208 qui
673 4140 726 4193 huc
745 4145 878 4208 spectant,
897 4154 989 4192 versus
1007 4138 1112 4191 aceedit
1131 4137 1287 4206 Dionysius.
1325 4137 1401 4190 Alio·

176 4236 230 4277 rum
247 4225 356 4278 inventa
374 4238 443 4293 quae
461 4225 511 4279 sibi
526 4226 667 4293 placerent
679 4224 775 4277 iterum
793 4239 827 4277 ac
839 4224 956 4291 saepius,
974 4223 1104 4276 nonnulla
1122 4224 1156 4276 ad
1175 4221 1293 4276 taedium
1311 4235 1397 4290 usque

176 4306 358 4366 (Osffimsohes
375 4311 544 4377 potissimum
562 4316 590 4362 et
607 4308 769 4374 Homerica),
787 4309 931 4376 Dionysius
951 4306 1082 4375 repetivit.
1122 4308 1161 4360 01.
1180 4323 1208 4374 p.
1229 4310 1287 4359 206.

220 4393 328 4447 Philolog.
341 4394 540 4448 Untorsuohungen
553 4395 605 4437 XII.
758 4463 760 4468 ,
1217 4395 1247 4443 17
