3174 5160
168 333 231 392 364
550 385 553 390 ,
712 328 863 382 ARATEA

169 501 247 590 κρόν
271 500 305 568 ἐκ
327 506 386 590 τής
407 495 550 588 Ἰβηρίας
574 497 810 583 προελθόντας
833 496 892 564 ἐπὶ
914 497 974 582 τήν
995 501 1205 583 μεσημβρίαν
1227 492 1407 583 ὁμολογεῖν

171 599 305 691 ἀφορᾶν
330 597 431 670 αὐτόν
452 605 508 669 καὶ
540 601 574 667 ἐκ
596 604 654 688 τής
685 601 836 682 ἱστορίας
865 603 923 686 τής
947 598 980 664 ἐν
1002 598 1126 686 Κνίδῳ.
1171 597 1231 688 τήν
1252 598 1315 686 γάρ
1340 597 1406 669 Εὐ-

170 707 268 785 δόξου
292 703 421 792 σκοπήν
444 698 481 770 οὗ
505 701 591 770 πολὺ
615 706 682 768 τῶν
707 695 866 784 οἰκήσεων
889 697 1101 788 ὑψηλοτέραν
1123 697 1219 782 εἶναι,
1244 704 1406 788 λέγεσθαι

171 805 202 874 δ’
229 802 283 876 ότι
313 806 468 874 ἐντεῦθεν
498 803 621 882 ἐκεῖνος
652 797 791 891 άηιεάρα
820 801 879 869 τόν
908 802 1071 886 Κάνωβον
1095 797 1234 888 άστέρα,
1259 802 1348 872 εἶναι
1370 801 1401 873 δ’

172 908 230 975 ἐπὶ
252 913 312 974 τοι]
331 905 499 974 Ῥοδιακοῦ
529 909 688 989 κλίματος
717 903 776 990 τήν
800 905 939 985 Κνίδον,
968 899 1025 991 ἐφ’
1052 899 1091 971 οὗ
1113 904 1234 972 καὶτὰ
1257 907 1406 994 Γάδειρα

170 1016 226 1077 καὶ
248 1008 267 1100 ή
293 1010 398 1097 ταύτῃ
423 1012 585 1094 παραλία.
630 1011 820 1076 Accuratius
844 1010 953 1092 paullo
977 1029 1073 1092 quam
1089 1009 1244 1076 Eudoxus
1268 1018 1300 1076 et
1316 1012 1405 1079 Posi·

173 1116 289 1181 domins
314 1115 354 1180 de
379 1115 473 1179 huius
496 1114 612 1181 stellae
634 1114 766 1194 regione
782 1111 989 1196 Hipparchus
1012 1113 1177 1195 exposuit:
1201 1112 1241 1178 cf.
1257 1132 1329 1197 cap.
1347 1114 1407 1179 VH

173 1220 232 1283 ecl.
256 1217 404 1290 XLIX⁷l.
450 1216 599 1281 Canobus
628 1216 727 1297 igitur
756 1215 821 1280 iam
843 1222 876 1280 et
898 1214 993 1280 Cnidi
1020 1213 1158 1279 visibilis
1182 1221 1250 1280 erat
1273 1215 1407 1282 Graccis

175 1327 208 1383 et
231 1318 347 1397 Rhodi,
370 1320 427 1384 sed
452 1319 537 1385 circa
558 1318 743 1401 Aegyptum
770 1318 966 1383 notissimus.
1010 1315 1091 1381 Inde
1114 1323 1178 1398 est,
1201 1317 1288 1398 quod
1311 1317 1407 1387 heros

172 1421 228 1484 ille
258 1422 429 1504 aegyptius
458 1419 635 1485 aGraecis
669 1420 743 1484 loca
772 1420 835 1484 ista
864 1419 1076 1484 incolentibus
1106 1425 1274 1503 susceptus
1304 1428 1336 1486 et
1363 1421 1407 1487 ad

175 1521 299 1587 caelum
322 1523 493 1599 (nescimus
517 1521 656 1604 quando,
680 1520 737 1586 sed
760 1541 824 1585 non
846 1528 920 1585 ante
944 1520 1072 1584 Eudoxi
1094 1527 1256 1604 tempora:
1283 1524 1323 1589 cf.
1347 1526 1406 1591 ecl.

175 1623 295 1698 XLIX)
313 1624 432 1690 relatus
449 1631 506 1690 est.
546 1623 636 1700 Quae
653 1642 724 1687 cum
741 1623 786 1686 ita
801 1622 874 1699 sint,
891 1623 1145 1687 eataslerismum
1161 1622 1285 1690 Ganobi
1301 1646 1407 1694 nonne

174 1726 316 1791 carmine
339 1728 477 1808 patescit
498 1725 707 1808 Apollonium
730 1724 942 1790 tractavisse?

260 1828 406 1893 Tandem
431 1829 474 1893 ad
498 1827 649 1910 Dionysii
672 1826 862 1907 Periegetae
885 1828 1092 1908 interpretem
1115 1828 1315 1896 accedimus:

252 1982 370 2031 senon.
394 1985 425 2049 p.
442 1968 504 2030 432
517 1964 558 2028 M.
904 1963 1003 2029 Eusr.
1027 1982 1058 2045 p.
1076 1967 1137 2029 219
1154 1967 1194 2031 M.

175 2078 191 2147 ό
222 2083 258 2147 δὲ
289 2083 450 2165 Κάνωβος
483 2084 638 2170 κυβερνή·
691 2079 747 2145 δτι
769 2078 854 2162 μετὰ
887 2078 1072 2161 Φρόντιδος
1099 2082 1251 2150 θάνατον
1280 2091 1410 2172 (κυβερ-

173 2210 232 2272 της
253 2170 294 2271 ήν
317 2185 505 2252 Μενελάου.
555 2185 639 2268 μετὰ
692 2180 791 2268 νήτης
806 2181 842 2247 δὲ
859 2177 995 2268 ἄριστος
1015 2184 1193 2251 Μενελάου
1217 2182 1234 2252 δ
1254 2188 1409 2275 Φρόντις,

174 2288 237 2372 γάρ
252 2286 312 2373 τήν
327 2291 387 2376 τής
406 2294 530 2372 Τροίας
551 2280 640 2352 άλω-
693 2283 767 2361 υἱός
778 2277 965 2368 Ὀνήτορος)
982 2284 1186 2365 ἐξωσθέντες
1202 2282 1314 2377 άνέμῳ
1328 2297 1410 2378 βορ-

178 2413 230 2455 σιν
258 2394 317 2454 τοῦ
347 2390 523 2456 Μενελάου
553 2383 641 2456 άπο-
694 2391 736 2475 ρᾷ
760 2387 792 2452 οἱ
815 2388 894 2469 περὶ
916 2389 975 2453 τὸν
990 2391 1167 2456 Μενέλαον
1187 2400 1411 2477 προσίσχουσι

177 2494 411 2578 πλανηθέντας
458 2489 556 2578 [πρός
600 2489 641 2557 τά
694 2492 735 2575 τῇ
743 2484 842 2575 Ῥόδην
857 2484 924 2555 ὑπὸ
941 2491 1119 2579 κυβερνήτῃ
1136 2487 1229 2571 ὄντες
1244 2498 1293 2581 τη]
1307 2491 1411 2581 Ἀμυ-

177 2597 236 2677 τής
251 2592 432 2678 Αἰγύπτου
448 2593 572 2682 μέρηβ)
586 2596 643 2659 καὶ
694 2592 799 2676 κλαίην
828 2591 990 2677 Κανώβῳ.
1035 2597 1101 2660 τιῦν
1132 2596 1168 2661 δὲ
1193 2591 1326 2665 Ῥοδίων
1352 2603 1412 2686 τής

178 2699 237 2760 τοό
289 2688 389 2760 αὐτοῦ
445 2695 642 2783 κυβερνήτου
692 2690 821 2782 Ἑλένης
842 2694 1124 2781 καταδραμόντων
1147 2701 1326 2788 (περιήλδε
1347 2701 1411 2788 γὰρ

181 2791 435 2882 άποπνινέντος,
459 2802 518 2863 τοῦ
535 2797 642 2885 Ψρόν-
697 2790 817 2874 αὐτοὺς
839 2796 948 2884 μνήμη
973 2791 1019 2862 οἷν
1042 2797 1076 2863 έν
1104 2802 1145 2887 τῇ
1172 2808 1278 2890 Τροίη
1303 2807 1413 2871 κακῶν

223 2939 382 2946 ..—-—.—.

266 3020 287 3075 ⁷)
306 3018 387 3072 Falso
405 3018 489 3085 igitur
507 3018 635 3072 Manilius
654 3033 761 3087 quoque
779 3020 790 3071 1
808 3035 832 3070 v.
848 3021 975 3085 215sqq.:

384 3109 486 3154 idcirco
504 3109 587 3154 terris
606 3123 659 3154 non
679 3109 799 3155 omnibus
818 3108 906 3154 omnia
924 3108 1008 3170 sr'gna

384 3183 571 3254 conspicimus.
609 3208 747 3255 nusquam
765 3194 886 3240 invenies
899 3191 1022 3256 fulgere
1040 3191 1188 3255 Canopum,

384 3278 467 3323 donec
485 3276 616 3326 Niliacas
632 3285 687 3340 per
701 3283 817 3339 pontum
836 3279 943 3325 veneris
961 3293 1032 3327 ονατ.

180 3359 257 3423 [Sero
276 3360 363 3412 altera
381 3360 466 3426 ipsius
486 3358 626 3413 Posidonii
649 3360 742 3425 ecloga
760 3359 839 3413 nobis
858 3374 918 3412 sese
941 3358 1040 3412 obtulit
1061 3362 1134 3428 apud
1153 3360 1321 3414 cleomedem
1338 3379 1366 3432 p.
1380 3368 1413 3418 92

179 3443 278 3506 zicus:
299 3487 305 3497 .
326 3485 332 3497 .
352 3449 437 3515 φησὶν
461 3440 476 3501 ό
498 3441 703 3510 Ποσειδώνιος,
729 3437 775 3501 ότι
800 3440 852 3514 (ri)
872 3441 1014 3516 Κάνωβος
1037 3441 1216 3513 καλούμενος
1234 3439 1326 3519 άστὴρ
1344 3453 1413 3516 λαμ·

180 3525 329 3601 πρότατός
346 3528 408 3586 ἐστι
426 3526 501 3603 πρὸς
518 3535 699 3603 μεσημβρίαν
722 3525 762 3596 ὡς
779 3529 825 3586 ἐπὶ
843 3535 885 3605 τῷ
903 3533 1035 3604 Πηδαλίῳ
1054 3534 1103 3601 τῆς
1119 3523 1241 3602 Ἀργοῦς.
1279 3523 1365 3598 οὗτος
1382 3530 1414 3590 έν

175 3610 286 3673 Ἑλλάδι
305 3609 367 3671 οὐδ’
386 3607 461 3681 όλως
485 3610 602 3689 δρᾶται·
624 3607 695 3672 όθεν
719 3609 780 3672 os'ul’
801 3610 817 3671 ὃ
840 3612 954 3688 Ἄρατος
971 3614 1003 3671 έν
1025 3625 1087 3680 τοῖς
1106 3616 1297 3683 Φαινομένοις
1313 3615 1413 3688 μιμνῄ·

181 3722 280 3758 σκεται
300 3695 396 3757 αὐτοῦ.
432 3695 491 3757 άπὸ
511 3703 540 3758 δὲ
559 3706 617 3757 τῶν
630 3695 775 3774 άρκτικοῖν
794 3694 833 3766 ὡς
850 3697 926 3772 πρὸς
942 3703 1125 3773 μεσημβρίαν
1142 3702 1235 3758 ἰοῦσιν
1252 3695 1344 3774 άρχὴν
1361 3710 1414 3760 τοῦ

182 3782 310 3858 δρᾶσθαι
328 3784 360 3842 έν
373 3777 461 3860 Ῥόδῳ
479 3783 618 3858 λαμβάνει
642 3791 691 3842 καὶ
719 3780 820 3856 ὀφθεὶς
837 3785 884 3843 lm
902 3791 954 3843 τοῦ
973 3780 1125 3858 ὁρίζοντος
1144 3779 1251 3854 εὐθέως
1268 3785 1343 3845 κατὰ
1361 3784 1414 3857 τήν

181 3868 315 3943 στροφὴν
332 3875 384 3927 τοῦ
395 3868 510 3938 κόσμου
522 3868 699 3928 καταδύεται.
732 3865 846 3927 ὁπόταν
862 3871 893 3928 δὲ
910 3867 977 3936 τοὺς
989 3866 1048 3927 α’πὸ
1057 3865 1157 3927 Ῥόδου
1168 3873 1414 3942 πεντακισχιλίους

182 3958 316 4021 σταδίους
333 3953 553 4022 διαπλεύσαντες
570 3954 602 4012 έν
616 3950 805 4033 Ἀλεξανδρείᾳ
822 3952 983 4027 γενόμεθα,
1001 3949 1163 4029 εῧρίσκεται
1182 3950 1198 4012 δ
1217 3950 1309 4029 άστὴρ
1328 3947 1415 4023 οὗτος

180 4039 212 4098 ἐν
232 4034 421 4118 Ἀλεξανδρείᾳ
438 4033 513 4112 όψος
530 4035 647 4113 άιιέχων
665 4047 717 4098 τοῦ
737 4036 903 4112 ὁρίζοντος,
926 4036 1042 4098 ἐπειδάν
1059 4034 1187 4114 άκριβως
1204 4037 1414 4113 μεσουρανήοη,

183 4127 324 4199 τέταρτον
342 4129 446 4200 ζῳδίου
463 4131 522 4183 κτλ.
553 4127 665 4180 Addidit
683 4127 737 4180 alia
754 4127 909 4181 testimonia
922 4127 1024 4181 Bakius
1037 4121 1141 4180 ‘Posid
1156 4126 1255 4181 Rhodii
1271 4120 1414 4195 reliquiae'

179 4228 205 4279 P·
221 4217 311 4279 75qu

270 4301 290 4360 Β)
309 4296 473 4351 Seolusimus
490 4297 753 4365 interpolamentum.
