3174 5160
426 367 459 422 V.
479 367 529 421 DE
548 367 663 420 ARATI
681 367 843 423 SCRIPTIS
863 367 1094 421 DEPERDITIS.
1312 368 1375 428 219

141 540 221 605 certi
245 537 328 604 nihil
349 540 502 624 sponderi
530 560 626 624 posse
654 542 750 607 facile
774 542 999 623 intellegimus.
1045 541 1187 607 Boethus
1210 540 1291 607 nihil
1313 546 1373 609 uti·

142 661 206 722 que
231 649 359 724 praeter
381 643 474 724 signa
497 644 587 708 Arati
611 644 796 726 superstitio
819 645 985 726 cognovit,
1013 644 1053 710 ol.
1076 662 1107 726 p.
1126 647 1195 708 155.
1248 695 1253 703 ,

231 985 257 1045 1.
281 972 541 1064 Achilles‘lsag.'
556 1001 587 1065 p.
599 982 692 1046 135ss
707 978 765 1046 τὸν
782 981 818 1046 δὲ
833 983 899 1046 τῶν
915 980 1093 1068 πλανήτων
1109 980 1206 1067 λόγον
1222 981 1372 1069 παρῃτή-

140 1103 225 1146 σατο
250 1075 448 1166 δ’Ἀρατος,
473 1073 553 1147 ὅταν
577 1082 652 1168 λέγῃ
676 1085 719 1160 (v.
737 1089 809 1167 454,
826 1089 854 1150 5.
879 1088 1076 1162 seo-462).

271 1187 305 1250 οἳ
328 1177 360 1248 δ’
387 1182 507 1265 ἐπιμὶξ
528 1177 627 1249 ἀλλοι
648 1177 745 1249 πέντ>
773 1177 924 1267 ἀστέρες,
949 1179 1044 1250 οὐδὲν
1067 1180 1196 1267 ὁμοῖοι,

272 1284 418 1369 ἐμπαλιν
442 1285 589 1351 εἰδώλων
612 1284 808 1352 δυοκαίδεκα
831 1285 1019 1353 δινεύουσαι
1042 1339 1099 1353 ...
1205 1330 1208 1346 ›-

100 1409 115 1456 5
270 1381 342 1454 οὐδ’
369 1386 420 1454 ἐτι
442 1389 643 1469 θαρσαλέως
665 1393 781 1454 κείνων
804 1388 883 1475 ἐγώ·
917 1385 1030 1474 άρκιος
1053 1389 1124 1476 ε’ίήν

271 1484 448 1556 ἀπλανέων
469 1488 512 1556 τά
533 1514 570 1555 τε
592 1489 694 1555 κύκλα
719 1484 762 1556 τά
785 1483 816 1555 τ’
844 1489 1023 1576 αἰθέρι-
1047 1490 1243 1564 δινεύουσιν,

138 1606 361 1677 παραιτεῖται
382 1592 418 1657 δὲ
434 1590 491 1658 διὰ
507 1590 637 1669 πολλάς
652 1591 775 1673 αἰτίας,
798 1595 935 1678 πρῶτον
951 1586 1004 1660 ὅτι
1021 1592 1209 1680 φαινόμενα
1225 1585 1371 1679 ἠθέλησε

136 1697 194 1760 καὶ
224 1697 314 1760 πᾶσι
342 1693 508 1781 σύμφωνα
538 1692 645 1771 δεῖξαι
674 1689 798 1780 ἀστρα,
834 1688 927 1761 οὗτοι
956 1696 992 1760 δέ
1022 1694 1150 1783 πολλήν
1182 1695 1370 1780 διαφωνίαν

138 1797 252 1878 ’έχουσι
283 1797 337 1861 καί
368 1789 445 1861 οὐδὲ
474 1799 580 1862 πᾶσίν
610 1796 677 1862 εἰσι
706 1803 858 1883 φανεροί.
904 1798 937 1862 ἐν
967 1798 1003 1862 δὲ
1032 1800 1081 1883 τῷ
1111 1795 1370 1883 ἐπιγραφομένῳ

85 1908 115 1955 10
138 1891 241 1964 αὐτοῦ
262 1891 481 1964 ‘KANONI'
500 1896 560 1963 τδν
576 1901 655 1985 περὶ
673 1892 779 1964 αὐτῶν
796 1900 998 1983 ποιούμενος
1021 1899 1118 1986 λόγον
1139 1894 1282 1986 ἁρμονίᾳ
1302 1901 1371 1964 τινὶ

136 2002 193 2065 καὶ
218 2004 400 2086 συμφωνίᾳ
422 2002 565 2086 μουσικῇ
587 2000 648 2077 τάς
670 2000 815 2090 κινήσεις
839 1996 948 2069 αάτιῦν
973 2003 1058 2087 λέγει
1079 2006 1258 2087 γεγονέναι.

224 2103 315 2169 Idem
332 2123 362 2186 p.
378 2105 479 2168 136A
502 2104 581 2184 περὶ
598 2101 633 2168 δέ
649 2105 708 2190 τῆς
724 2102 920 2188 ἐναρμονίου
935 2104 1096 2190 κινήσεως
1113 2098 1221 2168 αὐτῶν
1236 2107 1369 2187 (septem

136 2205 361 2290 sphaerarum)
385 2199 492 2284 εἶπεν,
514 2199 559 2280 ὡς
575 2204 668 2292 ἐφήν,
686 2199 830 2290 ’Ἀρατος
854 2206 887 2272 ἐν
909 2210 958 2292 τῷ
970 2199 1190 2271 ‘KANONI'
1209 2208 1263 2271 καὶ
1277 2199 1369 2288 Ἐρα-

135 2311 303 2393 τοσθένης
327 2304 361 2370 ἐν
383 2309 431 2391 τῴ
451 2301 552 2391 Ἑρμῇ
573 2309 629 2371 καὶ
650 2302 807 2396 Ὑψικλής
821 2312 876 2374 καὶ
895 2308 1089 2391 Θράσυλλος
1110 2310 1166 2373 καὶ
1184 2303 1371 2396 ’Ἀδραστος

84 2417 113 2464 15
133 2404 390 2496 Ἀφροδισιεάς·
427 2400 570 2494 ήρξαντο
604 2408 640 2474 δὲ
673 2411 733 2474 τοῦ
767 2409 864 2495 λόγου
898 2410 1017 2476 τούτου
1052 2411 1084 2477 οἱ
1117 2415 1368 2495 Πυθαγορικοί·

136 2510 251 2578 πάντα
273 2507 337 2595 γάρ
354 2505 499 2596 ἁρμονίᾳ
520 2512 575 2574 καὶ
598 2508 693 2587 τάξει
707 2510 841 2596 λέγουσι
862 2518 1042 2594 κινεῖσθαι,
1065 2510 1159 2578 καθά
1181 2515 1236 2578 καὶ
1260 2511 1370 2595 ἰατροὶ

134 2611 214 2690 τοὺς
231 2610 421 2699 σφυγμούς,
445 2614 500 2677 καί
520 2607 682 2694 ὑγιαίνειν
703 2618 773 2695 μέν,
798 2605 879 2678 ὅταν
895 2607 1091 2695 εὐτακτωσι,
1117 2627 1226 2680 νοσεῖν
1244 2614 1289 2694 δέ,
1313 2610 1369 2679 ὅτε

135 2710 290 2791 ἀτάκτως
310 2717 489 2779 κινοῦνται.

224 2873 234 2920 l
256 2861 310 2924 τὸν
327 2870 373 2921 πλ.
393 2866 421 2915 Μ
443 2865 453 2933 ΙΙ
477 2869 507 2918 15
526 2867 726 2937 llo-‘loyootxol
744 2867 781 2921 V:
802 2899 832 2906 -
852 2888 905 2924 εισι
925 2867 955 2920 h.

222 3061 252 3123 2.
275 3058 368 3123 Idem
389 3075 420 3138 p.
440 3055 538 3121 1380
561 3055 683 3120 πολλοὶ
706 3059 771 3119 τοῖν
795 3055 1068 3142 ἐπιφανεστέραν
1092 3059 1171 3139 περὶ
1193 3051 1289 3140 ἡλίου
1311 3059 1368 3121 καὶ

135 3157 275 3247 σελήνης
299 3155 625 3242 ἐπραγματεύσαντο,
650 3156 721 3243 ἰδίᾳ
745 3158 858 3222 δὲκαὶ
883 3161 961 3239 περὶ
984 3162 1048 3221 τῶν
1070 3163 1171 3222 πέντε
1194 3159 1262 3225 soil.
1280 3158 1368 3221 πλα-

135 3259 254 3343 νήτων.
300 3258 352 3325 διδ
376 3262 433 3325 καὶ
448 3253 595 3342 Ἄρατος
618 3257 712 3335 ἰδίως
734 3259 794 3341 μὲν
817 3262 896 3344 περὶ
919 3255 1015 3346 ἡλίου
1042 3263 1098 3325 καὶ
1121 3253 1259 3346 σελήνης
1281 3257 1368 3342 πρὸς

135 3363 184 3446 τῷ
214 3363 303 3426 τέλει
331 3365 390 3448 τής
419 3360 590 3450 ποιήσεως
618 3356 722 3439 εἶπεν,
756 3360 827 3448 ἰδίᾳ
856 3361 892 3426 δὲ
921 3365 1000 3446 περὶ
1029 3365 1096 3427 τῶν
1126 3366 1227 3426 πέντε
1256 3359 1290 3426 ἐν
1320 3365 1368 3445 τῷ

100 3468 114 3516 5
137 3461 397 3549 ἐπιγραφομένῳ
417 3455 652 3528 ςΚΑΝΟΝΓ.

223 3619 238 3668 2
257 3613 313 3671 ἰδία
332 3614 364 3670 L.

222 3805 373 3872 (lusurus
401 3807 581 3888 fragmenta
609 3807 662 3886 qui
691 3806 783 3869 nohis
812 3807 955 3869 servavit
977 3804 1121 3871 Achilles
1151 3804 1246 3870 simul
1273 3823 1366 3886 argu·

135 3914 278 3973 mentum
306 3908 401 3990 quale
430 3908 543 3973 fuisset
571 3906 759 3972 declaravit.
804 3905 897 3984 Quod
928 3927 968 3972 ne
995 3907 1235 3988 intellegeretur
1263 3906 1366 3988 primo

136 4010 264 4092 obtutu,
288 4009 460 4093 impedivit
478 4007 708 4074 Boeokhianae
722 4001 784 4073 tDe
800 4009 891 4072 Arati
908 4000 1062 4074 Ohuounss
1090 4007 1367 4074 commentationis

135 4110 296 4194 defectus,
333 4131 403 4175 oum
437 4111 482 4175 ibi
516 4110 635 4176 omissa
668 4112 731 4175 sint
765 4111 865 4175 verba
898 4110 1037 4175 Achillis
1070 4110 1125 4172 καὶ
1162 4105 1365 4190 Θράσυλλος.

134 4212 308 4296 Thrasyllo
333 4216 416 4276 enim
441 4232 516 4277 usus
539 4222 587 4277 est
609 4212 700 4276 Theo
723 4211 920 4295 Smyrnaeus
940 4206 1004 4276 ‘De
1027 4207 1162 4277 musioa'
1181 4213 1223 4292 (p.
1241 4214 1281 4272 47
1294 4230 1364 4293 sqq.

135 4313 261 4385 Hiller.)
291 4333 329 4378 eo
353 4315 524 4394 incapite,
554 4314 639 4395 quod
663 4320 711 4378 est
740 4313 817 4396 περὶ
841 4315 901 4398 τῆς
926 4314 986 4376 τοῦ
1006 4309 1145 4388 κανόνος
1166 4313 1365 4394 κατατομής.
