3174 5160
531 351 577 403 lV.
596 350 646 404 DE
666 349 837 404 CRATHTE
856 349 1042 404 MALLOTA.
1339 353 1399 411 175

171 527 414 592 Demonstravit
436 547 466 608 p.
484 528 610 590 91-94
628 524 836 589 Heracleouis
852 523 997 588 subsidio
1014 524 1176 590 Dielesius
1192 527 1399 593 vetustiorem

170 627 459 695 Pseudoheraclito
471 628 663 709 illamquam
676 624 1176 710 adscripsimusphilosophorum
1190 646 1259 693 esse
1273 629 1398 694 seriem.

170 730 308 797 Gaurus
335 730 466 795 amabat
492 729 681 813 placitorum
706 746 746 793 ex
771 727 910 793 Homero
938 727 1052 794 efferre
1076 730 1231 811 originem
1256 728 1400 806 (Waohs-

169 831 272 898 muth.
293 825 387 897 ‘Mus
404 822 502 897 rheu?
524 832 600 894 1891
628 851 659 912 p.
677 832 760 904 554).
799 829 884 912 Hrgo
907 849 991 912 quae
1013 830 1075 896 hoc
1094 823 1276 898 ‘Heracliti'
1295 833 1401 917 capite

171 934 355 1017 explicatur
370 932 556 1017 disputandi
572 933 708 997 materia
723 965 763 974 -
780 931 929 997 dictionis
945 940 1100 998 tumorem
1115 953 1195 999 cave
1208 926 1398 1001 ‘Heraclito‘

169 1036 300 1101 adimas
316 1037 477 1101 coloribus
492 1034 659 1101 rhetoricis
681 1035 788 1100 fucato
805 1069 842 1078 ·-
859 1034 1030 1100 Ceauaurs
1046 1054 1116 1100 esse
1141 1037 1208 1100 veri
1232 1026 1295 1101 iam
1319 1057 1403 1101 nuuc

170 1137 380 1203 simillimum.
422 1137 595 1202 Veritatem
617 1139 721 1220 ipsam
745 1144 778 1201 ut
793 1138 935 1202 nancisci
953 1139 1119 1220 possimus,
1144 1139 1271 1220 lougius
1287 1159 1401 1222 exspa-

170 1238 318 1304 tiandum
335 1245 392 1305 est.
431 1239 595 1306 Pertinent
618 1240 702 1304 enim
719 1238 782 1304 huc
794 1230 1006 1304 ‘Heraclitea'
1025 1241 1179 1305 nonnulla
1194 1245 1231 1317 (c.
1249 1243 1289 1304 23
1312 1262 1343 1325 p.
1362 1246 1402 1306 50

170 1341 310 1416 Mehlerl
334 1340 490 1407 adversus
512 1341 744 1424 Peripateticos
767 1340 879 1423 effusa,
903 1361 986 1424 quae
1010 1342 1122 1406 cadem
1147 1344 1178 1407 in
1202 1343 1402 1427 Pseudoplu·

170 1441 277 1510 tarchi
297 1437 361 1508 ‘De
384 1443 515 1508 Homeri
546 1445 612 1509 vita
634 1451 667 1510 et
688 1434 794 1526 polisi'
820 1445 931 1509 libello
955 1464 982 1508 c.
1002 1449 1060 1508 1114
1084 1465 1115 1528 p.
1135 1449 1212 1509 1141
1240 1445 1337 1528 Wytt.
1362 1444 1403 1510 de

171 1545 349 1610 Aristotele
364 1544 479 1611 eodem
493 1565 623 1629 prorsus
638 1565 743 1610 rerum
755 1553 953 1610 narratarum
973 1566 1097 1611 conexu
1110 1548 1268 1629 leguntur,
1285 1549 1404 1614 omissa

171 1656 280 1714 tamen
305 1648 400 1728 omui,
424 1648 479 1712 ille
502 1666 598 1729 quam
621 1649 802 1729 immiscuit,
827 1649 988 1712 irrisione:

336 1742 594 1815 ‘Humcumus’.
974 1743 1235 1818 ‘Puuuuacuua'

171 1859 207 1918 τί
242 1837 301 1917 οὖν
328 1848 367 1916 τὸ
402 1855 558 1933 πέμπτον
587 1841 763 1931 ὁἭλιος;
815 1850 911 1927 ὅπως
933 1850 968 1915 δὲ
991 1853 1044 1916 καὶ
1070 1854 1148 1933 περὶ
1168 1848 1282 1918 Ἡλίοο
1305 1852 1402 1937 γινω-

171 1955 230 2021 ἵνα
245 1979 279 2020 τι
295 1955 350 2018 καὶ
366 1968 646 2040 περιπατητικοῑς
664 1955 763 2041 φιλο·
817 1976 896 2030 σκει,
921 1949 978 2017 οὐκ
1001 1948 1140 2040 ἄδηλον,
1164 1948 1215 2021 ὅτι
1239 1957 1402 2042 κυκλοφο-

173 2056 298 2143 σόφοις
312 2060 499 2143 χαρίσηται,
517 2053 661 2144 Ὅμηρος
684 2053 762 2120 ἕπε·
815 2054 980 2144 ρ<ητ>ικὴν
996 2054 1077 2136 ἔχων
1090 2055 1229 2139 δύναμίν
1245 2082 1328 2123 ποτε
1343 2059 1403 2140 μὲν

172 2161 339 2225 καλέσατο
373 2160 428 2223 καί
461 2161 594 2223 τοῦτον·
632 2151 763 2234 ἀξιοῦσι
815 2155 901 2243 ὑπὲρ
930 2163 1026 2244 γαίης
1049 2165 1216 2244 φαίνεται,
1241 2145 1343 2237 αὖθις
1367 2160 1402 2226 δὲ

173 2259 237 2346 γὰρ
253 2259 369 2343 ἑτέραν
384 2263 444 2326 τοῦ
460 2258 566 2345 πυρὸς
582 2256 668 2326 ελναι
683 2258 764 2324 ταύ-
815 2257 881 2325 ὑπὸ
915 2263 973 2344 γῆν
1009 2255 1145 2327 ἄπεισιν
1169 2312 1176 2326 .
1199 2312 1207 2326 .
1231 2313 1238 2326 .
1261 2266 1317 2328 καὶ
1347 2261 1403 2329 ἐπὶ

173 2389 234 2450 την
256 2360 318 2448 τὴν
344 2362 461 2448 φύσιν,
489 2360 529 2448 ἣν
557 2364 762 2450 κοκλοφορη-
815 2362 922 2447 τούτῳ
945 2358 962 2427 ὁ
985 2362 1069 2440 Ζεὺς
1093 2357 1192 2430 αὐτὸν
1215 2367 1407 2449 παρακαλεῖ

170 2463 266 2550 τικὴν
279 2458 489 2547 ὀνομάζουσι,
507 2469 663 2547 πέμπτον
676 2461 762 2531 εἶναι
816 2465 887 2538 (Od.
904 2467 968 2530 XII
984 2488 1013 2530 v.
1033 2470 1094 2532 385
1106 2470 1231 2544 -386)·

172 2571 271 2634 τοῦτο
289 2579 452 2648 στοιχεῖον
467 2563 721 2652 ὁμολογοῦντες·
743 2563 760 2631 ὁ
855 2562 969 2646 Ἠέλι’,
982 2561 1057 2653 ἤτοι
1068 2568 1129 2650 μὲν
1141 2566 1180 2633 οὐ
1193 2563 1264 2651 μετ’
1278 2564 1405 2634 ἀθανά-

173 2667 319 2753 μὲνγὰρ
344 2667 448 2756 αἰθὴρ
471 2668 528 2736 διὰ
555 2668 616 2758 τὴν
638 2669 762 2756 ruotpo-
1175 2695 1263 2737 τοισι
1288 2671 1406 2758 φάεινε

172 2798 257 2860 τητα
280 2770 368 2855 πρὸς
389 2769 467 2848 τοὺς
483 2765 642 2837 ἀνωτάτω
662 2785 764 2857 χωρεῖ
859 2773 912 2836 καὶ
948 2777 1104 2858 θνητοῖσι
1141 2780 1313 2857 βροτοῖσιν
1349 2772 1406 2838 ἐπὶ

174 2875 312 2954 τόπους,
334 2867 429 2963 ἥλιος
451 2873 487 2940 δὲ
503 2878 555 2940 καὶ
574 2873 692 2962 σελήνη
709 2878 764 2941 καὶ
1070 2873 1226 2953 ζείδωρον
1251 2871 1405 2958 ἄρουραν.

175 2981 241 3043 τῶν
264 2973 465 3060 ὁμοδρόμων
489 2971 603 3053 αὐτοῖς
626 2975 764 3042 ἕκαστον
818 2973 854 3050 ἐξ
868 2968 913 3039 ὦν
929 2975 1034 3062 δηλοῖ,
1051 2975 1105 3041 ὅτι
1129 2971 1166 3041 οί·
1183 2981 1250 3060 πῦρ
1274 2977 1364 3043 ἐστιν
1387 2975 1404 3043 ὁ

177 3074 308 3162 ἄστρων
343 3076 402 3165 τὴν
436 3078 470 3145 ἐν
508 3079 614 3165 κύκλῳ
655 3076 764 3166 φορὰν
809 3068 936 3155 Ἥλιος,
961 3071 1033 3141 ἀλλ)
1060 3077 1155 3160 ἑτέρα
1178 3105 1229 3155 τις
1245 3087 1406 3164 κρείσσων

178 3180 354 3264 ὁινοὺμενα
378 3181 540 3260 διατελεῖ,
568 3184 628 3267 τῆς
651 3179 764 3262 πορω-
818 3181 933 3247 σι’·σία·
968 3179 1052 3265 ὅπερ
1086 3183 1138 3245 καὶ
1170 3175 1406 3267 Ἀριστοτέλης

178 3284 255 3360 ὅσος
270 3277 389 3360 οὐσίας
412 3278 514 3370 ἄλλην
534 3281 609 3350 τινὰ
626 3283 766 3365 δύναμιν
817 3279 993 3368 ὑπέλαβεν,
1011 3283 1079 3367 εἴγε
1100 3283 1137 3348 τὸ
1155 3283 1215 3365 μὲν
1231 3287 1298 3365 πῦρ
1316 3283 1406 3349 ἐστιν

180 3384 304 3466 ἔχοντα.
818 3377 989 3471 ἀνωφερὲς
1004 3389 1059 3451 καὶ
1077 3381 1206 3467 ἄψυχον
1221 3389 1276 3452 καὶ
1296 3379 1407 3452 eiuro-

819 3487 956 3551 λειπτον
967 3489 1022 3552 καὶ
1035 3488 1201 3573 φθαρτόν,
1219 3485 1235 3554 ὁ
1251 3487 1407 3563 ὁὲἭλιος

819 3588 1098 3676 κοκλοφορητικὸς
1113 3594 1166 3656 καὶ
1185 3590 1332 3673 ἔμψυχος
1352 3594 1406 3654 καὶ

821 3686 930 3769 ἀίδιος
952 3696 1007 3758 καὶ
1037 3688 1217 3778 ἄφθαρτος
1240 3687 1404 3769 ((Μείσοῑῖ

820 3817 850 3880 p.
883 3800 974 3863 339a
1005 3803 1125 3880 llsqq.
1168 3797 1274 3861 Zeller
1307 3798 1337 3860 ll
1372 3799 1409 3859 2³

725 3933 728 3937 ²
820 3920 850 3983 p.
869 3903 952 3976 434).

183 3998 380 4081 Prompsisse
395 4008 563 4083 utrumque
580 4023 620 4066 ex
641 4002 754 4066 eodem
772 4004 996 4084 allegoriarum
1013 3982 1254 4067 Homericarum
1279 4020 1407 4083 corpus·

185 4101 263 4185 culo,
288 4101 374 4182 quod
389 4109 485 4168 autea
501 4107 748 4187 exscripserunt,
765 4103 975 4169 manifestum.
1014 4103 1098 4180 Quid
1117 4103 1216 4168 vcro?
1240 4103 1409 4168 Caucasis

187 4219 253 4268 esse
275 4203 357 4268 illud
379 4225 483 4270 noune
507 4207 642 4289 impedit
658 4207 741 4288 quod
764 4225 829 4270 nou·
843 4207 915 4288 plus
931 4214 1080 4288 quattuor
1095 4206 1254 4270 elementa
1269 4206 1410 4271 Homero

187 4305 268 4370 idem
291 4306 347 4372 ille
368 4307 522 4390 reliquit?
551 4308 702 4390 Reliquit,
728 4306 960 4373 Waohsmuthii
984 4308 1110 4373 cuidam
1128 4310 1161 4387 si
1184 4308 1257 4374 fidis
1280 4309 1409 4391 supple-
