3174 5160
456 357 489 411 V.
508 358 557 411 DE
575 358 690 411 ARATI
709 357 870 414 SCRIPTIS
889 358 1117 414 DEPERDlTlS.
1340 359 1401 416 239

260 529 436 594 Videamus
458 548 564 611 porro.
601 531 650 596 Ne
673 531 749 597 inde
771 533 900 613 quidem
923 533 1077 598 accrescit
1091 533 1249 615 epistulae
1264 534 1400 598 auctori·
1435 560 1439 575 ‹

175 633 249 698 tatis
269 632 520 714 aliquantulum,
551 634 637 714 quod
660 635 693 697 in
716 635 806 698 Arati
825 625 1079 700 ‘Phaenomena'
1105 634 1214 717 lepide
1237 634 1401 700 Leonidae

175 735 342 800 Tarentini
365 735 495 818 dictum,
518 735 552 798 ni
567 735 714 806 fallimur,
739 756 830 800 suum
853 738 886 800 in
909 755 1001 801 usum
1025 735 1304 820 epistolographus
1327 756 1399 801 con·

173 837 280 902 vertit.
317 836 399 902 Nam
423 855 495 901 cum
518 837 629 901 scribit
650 837 692 901 de
708 838 806 904 Arato
830 835 867 913 ὃς
889 835 983 919 παρὰ
1006 840 1054 922 τῷ
1076 838 1210 919 βασιλεῖ
1226 835 1400 921 γενόμενος

172 939 227 1001 καὶ
261 929 482 1024 εὐδοκιμήσας
511 935 544 1000 ἓν
573 961 609 1001 τε
636 941 677 1024 τῇ
706 933 789 1024 titt„
820 939 1039 1026 πολυμαθείᾳ
1068 942 1120 1004 καὶ
1145 937 1219 1026 (τῇ)
1241 941 1400 1026 ποιητικῇ

172 1037 373 1126 προετράπη
397 1033 458 1103 ὑπ)
486 1035 650 1104 αὐτοῦτὸ
676 1041 869 1121 Φαινόμενα
891 1041 1022 1125 γράψαι
1045 1092 1077 1107 .,
1101 1037 1146 1118 ὡς
1169 1036 1400 1127 «εὗδοξότερον

173 1155 286 1218 ποιεῖς
308 1138 367 1207 τὸν
391 1135 552 1232 Εὔδοξον,
581 1139 726 1219 ἐντείνας
747 1142 789 1208 τὰ
813 1137 897 1224 παρ’
925 1138 1016 1227 αὐτῷ
1038 1149 1171 1224 κείμενα
1193 1149 1339 1229 μέτρῳ»,
1369 1152 1401 1210 et

171 1246 340 1310 scientiam
364 1247 455 1309 Arati
478 1252 509 1310 et
536 1246 685 1310 virtutem
707 1248 884 1329 poeticam,
914 1238 1053 1329 denique
1077 1246 1226 1312 dictionis
1249 1248 1398 1312 facetiam

171 1348 349 1430 sumpsisse
383 1366 425 1412 ex
459 1348 691 1429 epigrammate
725 1348 889 1414 Leonidae
919 1349 1153 1416 existimabitur
1179 1341 1289 1413 ‘Anth.
1319 1344 1397 1412 Pal’

171 1449 219 1512 IX
242 1450 327 1525 25⁴):

303 1554 334 1612 Γ
331 1548 446 1635 ράμμα
469 1543 541 1615 uo'd'
567 1543 722 1636 Ἀρήτοιο
746 1549 926 1638 δαήμονος,
950 1550 988 1627 ὅς
1011 1575 1095 1615 ποτε
1118 1553 1222 1636 λεπτῇ

344 1651 500 1737 φροντίδι
522 1649 679 1740 δηναιοὺς
701 1645 844 1735 ἀστέρας
867 1652 1047 1738 ἐφράσατο,

302 1746 471 1830 άπλανέας
493 1747 525 1817 τ’
552 1749 655 1838 άμφω
677 1756 731 1818 καὶ
757 1747 963 1842 άλήμοναςῧ),
988 1753 1075 1820 οίσιν
1099 1753 1235 1839 ἐναργής

344 1855 517 1937 ἰλλόμενος
539 1855 669 1933 κύκλοις
692 1849 833 1940 οὐρανὸς
856 1853 1063 1933 ἒνδέόεται“).

302 1956 466 2023 αἰνείσθω
490 1957 525 2023 δὲ
548 1956 662 2040 καμών
685 1957 779 2043 ἔργον
801 1962 885 2042 μέγα
907 1961 963 2023 καὶ
986 1955 1070 2033 Διὸς
1095 1953 1179 2022 είναι

343 2059 504 2145 δεύτερος,
528 2059 623 2136 ὅστις
645 2053 740 2146 ’ἔθηκ’
769 2054 875 2144 άστρα
898 2058 1109 2145 φαεινάτερα.

170 2165 238 2229 lam
254 2183 333 2229 vero
350 2184 391 2230 ex
407 2165 632 2230 commenticia
648 2164 805 2245 epistulae
822 2165 1001 2228 narratione
1018 2162 1096 2245 quid
1111 2162 1154 2227 ad
1165 2162 1256 2227 Arati
1270 2182 1398 2228 carmen

170 2265 380 2331 indicandum
404 2265 674 2348 consequeretur?
712 2265 804 2330 Esset
827 2250 1070 2347 consectarium,
1094 2285 1133 2329 ne
1153 2265 1312 2329 tantillum
1329 2266 1397 2346 qui-

170 2368 244 2432 dem
275 2369 308 2430 in
335 2360 598 2433 ‘Phaenomenis'
630 2368 781 2449 reperiri,
813 2367 899 2447 quod
928 2367 969 2430 ab
993 2366 1120 2430 Eudoxi
1150 2367 1231 2431 libro
1260 2368 1398 2431 alienum

171 2476 257 2535 esset
286 2477 331 2551 et,
359 2471 386 2535 si
410 2489 493 2552 quae
516 2477 613 2552 poeta
635 2469 847 2534 immiscuite
870 2468 1008 2532 fabulari
1031 2468 1113 2533 caeli
1136 2469 1304 2549 memoria,
1336 2469 1396 2532 Eu·

171 2571 277 2636 doxea
300 2591 340 2636 ea
362 2590 490 2654 quoque
514 2573 631 2636 omnia.
669 2571 824 2654 Persequi
847 2573 992 2636 nolumus
1016 2568 1105 2650 haec,
1129 2590 1201 2635 cum
1224 2571 1288 2635 sint
1311 2570 1398 2635 haud

170 2672 376 2738 mediocriter
409 2674 554 2739 ridicula.
605 2672 655 2737 An
688 2692 723 2738 re
758 2692 836 2737 vera
864 2670 1105 2752 credendumst,
1140 2672 1200 2736 etsi
1231 2669 1397 2737 credidere

169 2774 324 2857 nonnulli,
348 2776 489 2859 Virginis
512 2776 710 2842 historiolam
735 2774 903 2839 Eudoxum
927 2775 960 2836 in
976 2774 1057 2839 libro
1080 2793 1167 2838 mere
1182 2777 1397 2841 astronomico

170 2877 236 2942 iere
259 2884 295 2940 ut
310 2878 343 2941 in
360 2879 502 2943 carmine
518 2880 650 2943 Aratum
668 2895 833 2941 enarrasse
856 2885 889 2942 et
910 2876 975 2940 alia
991 2875 1143 2957 insuper?
1177 2875 1268 2952 Quae
1291 2879 1397 2959 capite

170 3116 339 3178 Antz'gonum
349 3119 460 3163 iussisse
468 3117 585 3163 Aratum
595 3116 709 3164 Eudoxi
716 3118 817 3163 librum
823 3123 909 3178 prosa
919 3116 1040 3161 oratione
1049 3118 1181 3176 scrz'pttum
1192 3119 1275 3160 metra
1285 3115 1398 3160 candere

170 3206 253 3264 atque
262 3203 302 3248 ita
312 3200 459 3248 Eudoxum
468 3195 503 3252 ἐν
511 3201 547 3252 do
556 3195 592 3262 ξό
600 3219 637 3254 τε
645 3219 684 3270 ρο
692 3219 707 3252 ν
716 3203 840 3259 reddere,
853 3206 946 3248 nostra
954 3206 1057 3260 parum
1067 3201 1160 3266 refert
1170 3200 1209 3257 (Pl
1231 3200 1308 3247 Licet
1316 3200 1398 3246 inter·

170 3289 204 3334 im
223 3288 257 3333 de
268 3286 331 3350 fide
354 3286 587 3333 narratiunculae
604 3287 687 3334 huius
705 3288 839 3344 dubitare,
861 3287 988 3349 quoniam
1009 3285 1123 3333 Eudoxi
1138 3274 1396 3337 in‘Plraenomem's'

169 3373 225 3419 suia
239 3373 328 3432 plane
351 3372 460 3418 nullam
482 3371 639 3418 mentionem
657 3372 763 3419 Aratus
780 3373 887 3418 iniecit:
912 3387 995 3434 quam
1019 3378 1108 3419 tamen
1127 3378 1235 3433 poetam
1248 3368 1398 3436 facturum

165 3455 259 3518 fuisse
276 3456 418 3517 suspicari
434 3463 591 3517 passumus,
610 3459 637 3504 si
648 3447 864 3504 ‘Phaenomena’
884 3459 1077 3520 quodammado
1095 3459 1124 3504 in
1143 3455 1268 3503 honorem
1287 3456 1400 3504 Eudoxi

171 3541 278 3588 condita
297 3547 394 3590 essent.
424 3532 752 3606 Patonius‘Inscriptions
772 3533 877 3593 ol'Oos’
896 3556 922 3606 p.
937 3544 985 3592 359
1000 3531 1214 3591 ‘Phaenomena'
1234 3539 1310 3591 Arati
1323 3539 1397 3606 apud

171 3622 241 3676 Coos
260 3625 364 3691 scripta
382 3638 441 3676 esse
459 3623 534 3676 nullo
552 3622 643 3676 addito
663 3632 820 3689 argumento
838 3624 928 3677 edixit.

255 3708 275 3771 ⁴)
295 3705 336 3760 Cf.
359 3706 448 3759 Laert.
470 3707 547 3774 Diog.
567 3707 630 3760 Vlll
644 3713 674 3761 91
697 3711 802 3763 τοῦτον
820 3702 888 3764 ’άντὶ
911 3702 1038 3774 Εὐδόξου
1053 3704 1186 3773 Ἔνδοξον
1210 3704 1333 3764 ἐκάλουν
1350 3702 1394 3763 διὰ

170 3787 219 3862 τὴν
236 3787 428 3863 λαμπρότητα
447 3795 496 3860 τῆς
514 3787 614 3862 φήμης.
969 3865 971 3870 ,

256 3879 276 3936 ⁶)
295 3874 423 3929 Planetas
441 3876 529 3929 obiter
541 3877 629 3943 tetigit
646 3878 675 3929 in
689 3870 912 3931 ‘Phaenomenis’
931 3879 1041 3932 Aratus.
1071 3877 1134 3930 Non
1146 3876 1306 3945 ponderavit
1324 3877 1396 3929 auri-

171 3959 227 4016 ficis
247 3964 358 4022 statera,
379 3975 448 4028 quae
466 3960 634 4028 praedicaret
652 3964 685 4017 de
702 3961 797 4026 Arato,
817 3961 959 4017 Leonidas.

254 4047 277 4111 ⁶]
294 4046 338 4099 Ad
365 4043 505 4102 ἐνδέδεται
532 4046 677 4100 Jacobsius
704 4047 733 4100 in
755 4041 881 4099 ‘Delectu
908 4040 1144 4114 epigrammatum'
1167 4064 1193 4114 p.
1214 4050 1261 4101 113
1287 4045 1397 4112 Vergilii

174 4129 317 4199 adscripsit
331 4123 422 4183 ‘Aeni
441 4131 477 4182 lv
490 4149 514 4184 v.
529 4135 578 4184 482
596 4136 732 4182 maximus
749 4138 829 4183 Atlas
847 4151 925 4182 axem
939 4136 1050 4182 lcunrero
1068 4141 1176 4198 torquet
1192 4137 1279 4182 stellis
1297 4135 1396 4180 arden-

174 4221 239 4266 tibus
256 4223 353 4282 aptum
369 4217 427 4276 tubi
440 4209 526 4268 ‘axis'
545 4226 576 4268 ut
594 4211 686 4280 πόλος
703 4232 752 4283 pro
770 4217 845 4270 caelo
864 4223 912 4280 est,
932 4219 966 4269 et.
981 4235 1007 4285 p,
1023 4221 1088 4278 1181.
1120 4216 1205 4270 Nobis
1224 4215 1395 4270 Homericum

175 4297 205 4356 τά
223 4294 251 4356 τ’
271 4294 397 4373 οὐρανὸς
416 4296 614 4367 ἐστεφάνωται
632 4309 787 4355 convertere
806 4309 919 4369 uterque
936 4303 1056 4356 voluisse
1074 4300 1178 4354 videtur
1197 4300 1240 4365 (ef.
1259 4318 1286 4370 p.
1303 4302 1394 4365 20117).
