3174 5160
456 389 489 444 V.
509 389 559 444 DE
577 391 691 445 ARATI
709 391 869 446 SCRIPTIS
887 391 1118 448 DEPERDITIS.
1340 392 1402 450 213

174 559 267 623 lovis
294 558 401 622 ceteri
420 559 632 644 praediiant
660 584 703 626 en
732 561 905 626 Memmia
934 584 1045 626 uxone
1072 566 1127 628 vel
1151 567 1280 628 Mente.
1324 565 1403 628 Has
1474 561 1476 566 ’

174 660 312 746 quidem
334 660 500 744 virgines,
531 661 602 726 alii
620 671 748 728 matres
766 663 889 748 fuisse
917 665 1144 729 conscribunt.
1188 664 1403 738 Libetenim

174 762 244 826 ram
265 761 393 848 paucis
423 763 526 827 etiam
557 763 639 828 illas
660 772 782 851 partes
811 765 994 850 attingere,
1024 766 1149 851 quibus
1178 766 1272 830 alius
1302 767 1407 831 aliud

174 865 291 927 eadem
306 866 348 928 de
363 885 401 926 ee
416 865 528 929 dicere
550 865 753 951 opinionum
776 866 977 931 diversitate
999 867 1255 932 monstramini.
1290 870 1403 954 Epho-

173 988 235 1029 rus
258 966 324 1050 (fi.
345 970 401 1028 162
425 968 569 1047 Muell.)
598 968 661 1031 lias
685 967 800 1052 igitur
823 990 966 1033 numero
996 989 1066 1031 esse
1088 976 1158 1032 ties
1181 971 1284 1056 effert
1304 971 1403 1056 <item

174 1072 223 1136 vel
249 1067 303 1150 et>
317 1069 524 1146 Mnaseas¹),
548 1091 648 1154 quem
671 1077 779 1155 supra
802 1069 969 1133 diximus,
1006 1071 1203 1156 <Aratus>²l
1227 1079 1403 1157 quattuor,

172 1168 346 1254 Myrtilus
362 1168 501 1233 inducit
513 1177 647 1256 septem,
672 1177 741 1234 octo
756 1177 931 1234 asseverat
947 1172 1067 1234 Crates
1082 1178 1129 1257 (p.
1144 1193 1178 1252 71
1208 1175 1402 1254 Wailism.)‚

172 1271 220 1333 ad
241 1276 435 1334 extremum
456 1271 632 1335 Hesiodus
654 1268 821 1357 (Theogff
842 1294 870 1335 o.
887 1277 943 1352 76)
967 1294 1083 1336 novem
1106 1295 1183 1337 eum
1205 1275 1403 1339 nominibus

167 1371 299 1456 prodit,
318 1372 388 1435 diis
403 1374 536 1436 caelum
553 1379 586 1436 et
598 1373 715 1437 sidem
732 1375 981 1459 locupletandi.
1008 1375 1213 1444 Confidenter
1225 1381 1402 1444 Arnohium

173 1480 351 1544 enarratori
375 1478 538 1544 Hesiodeo
563 1486 594 1544 et
616 1479 756 1545 Cornuto
780 1486 813 1545 et
834 1479 1027 1545 scholiastae
1047 1480 1230 1563 Vergiliano
1255 1489 1403 1564 quartum

171 1578 430 1645 adnumeremus.
476 1578 670 1662 Scriptorem
694 1583 829 1646 stoicum
851 1580 977 1645 indoles
1001 1582 1142 1665 eclogae,
1173 1589 1299 1665 tempus
1323 1582 1402 1648 illud

171 1688 351 1748 monstrare
380 1681 517 1763 videtur,
547 1681 634 1763 quod
661 1680 822 1747 Oratetem
849 1682 1013 1747 Mallotam
1043 1684 1134 1748 citari
1162 1684 1245 1749 vidit
1268 1683 1401 1750 Wachs·

171 1780 324 1863 muthius,
348 1785 496 1865 quamvis
519 1785 712 1865 obloquente
736 1782 965 1865 Hillscher0⁴);
989 1792 1216 1851 commonstrat
1235 1793 1403 1867 praeterea

261 1968 280 2032 ¹)
303 1967 417 2022 Praeter
448 1967 623 2021 Patarensem
649 1966 778 2020 Mnaseas
805 1967 908 2020 exstitit
934 1981 1025 2019 rerum
1052 1969 1080 2018 et
1106 1968 1349 2021 astronomicarum
1376 1971 1404 2022 et

171 2050 288 2104 aliarum
306 2050 432 2120 scriptor,
452 2052 486 2106 cf.
505 2051 614 2106 titulum
633 2067 704 2106 saec.
724 2068 750 2120 p.
765 2051 828 2104 Chr.
847 2050 860 2102 I
879 2051 1059 2119 Corcyraeum
1079 2055 1127 2104 185
1146 2051 1175 2103 in
1192 2051 1310 2104 Kaibelii
1324 2045 1404 2120 ‘Epi-

170 2128 350 2202 grammatis'‚
370 2135 415 2204 qui
432 2125 450 2214 ᾇ
468 2136 522 2204 μὲν
534 2130 569 2193 τὰ
588 2131 702 2205 κόσμου
720 2130 810 2204 σεμνὰ
828 2138 877 2191 καὶ
891 2129 930 2190 δι’
943 2127 1075 2207 οἷστὲρων
1087 2140 1183 2207 διῆλθε
1195 2132 1250 2192 τόν
1261 2155 1403 2206 πνρωπον

172 2216 395 2293 αἰθεροδρόμων
411 2221 559 2287 κέλευθον,
578 2211 596 2300 ᾇ
615 2222 710 2278 δὲκαὶ
727 2215 884 2292 γεωμόρον
902 2219 1006 2290 τέχναν
1017 2229 1194 2292 γραμμαῖσιν
1212 2216 1400 2292 opinionon·

172 2298 266 2362 εόδαεῑ
284 2305 334 2361 νοῒ
352 2301 464 2362 κοπίδ’
477 2300 599 2379 Ὁμήρου
620 2301 722 2362 δέλτον
745 2299 943 2362 κτλ.”ΜοὴΙω
956 2299 1098 2359 ‘Mnaseas
1121 2298 1286 2373 fragmenta’
1305 2307 1402 2371 (Bonn.

158 2394 249 2456 11846)
266 2407 295 2460 p.
308 2395 333 2444 7.

258 2477 279 2540 2)
298 2475 487 2544 Supplevimus
505 2476 621 2531 conlatis
640 2476 737 2530 ceteris
755 2477 879 2530 testibus.

258 2561 280 2626 ³)
297 2561 360 2615 Alia
376 2561 532 2615 testimonia
550 2559 729 2629 comportavit
746 2560 934 2614 Kalkmannus
953 2575 1003 2613 nec
1021 2575 1084 2614 vero
1102 2566 1175 2614 recte
1192 2562 1219 2614 in
1237 2575 1317 2614 usum
1332 2560 1402 2613 Pau·

171 2646 267 2701 sanine
287 2647 422 2700 convertit
432 2641 603 2711 (Pausanias
616 2646 664 2699 der
676 2639 811 2712 Perieget'
824 2662 851 2713 p.
866 2647 934 2709 258).
964 2644 1049 2699 Nobis
1062 2645 1210 2700 Pausanias
1222 2646 1262 2699 IX
1276 2649 1316 2708 29,
1338 2650 1403 2698 1--4

171 2746 233 2784 cum
259 2729 294 2784 iis
321 2730 465 2785 sociandus
490 2731 610 2798 ridetur,
640 2745 710 2798 quae
737 2729 920 2797 congessimus
944 2724 1096 2781 ‘Deutscte
1122 2722 1403 2796 Litteraturiez'tung'

172 2819 236 2870 resi
255 2831 284 2884 p.
297 2819 340 2868 ss.

259 2901 280 2965 ⁴)
298 2899 391 2955 Potuit
409 2901 504 2955 Grates
523 2900 551 2953 in
564 2891 771 2953 ‘Bonomects'
788 2904 876 2965 (quem
894 2897 992 2951 librum
1011 2901 1115 2967 eripere
1128 2899 1229 2954 Crateti
1248 2915 1303 2953 non
1322 2900 1402 2953 debe-

173 2988 240 3042 bant
257 3000 309 3039 nec
327 2985 553 3060 Wachsmuthius
571 3001 597 3053 p.
611 2990 641 3037 it
667 2999 718 3038 nec
735 2982 954 3038 Muellenhoiiius
972 2983 985 3036 I
1003 3001 1030 3052 p.
1044 2987 1104 3048 248)
1122 2984 1216 3038 Musas
1235 2999 1403 3038 enumerare.

171 3071 249 3124 Dixit
265 3071 360 3138 utique
377 3069 431 3123 alic
442 3067 593 3136 fragmento
607 3069 706 3123 ibidem
724 3068 757 3121 de
769 3068 910 3122 Permesse
922 3067 1003 3121 fluvio
1017 3068 1111 3121 Grates
1124 3071 1246 3137 proxime
1263 3083 1280 3122 a
1292 3083 1403 3122 nemore

174 3157 316 3211 Musarum
334 3154 446 3209 distanti
463 3154 553 3219 (Pauo.
568 3153 594 3206 X
607 3158 649 3220 29,
662 3159 694 3218 5),
723 3153 877 3207 Dummodo
894 3156 970 3206 tutus
983 3157 1055 3206 esset
1072 3167 1089 3204 a
1102 3153 1271 3206 dubitatione
1285 3152 1403 3207 Cratetis

173 3241 201 3295 in
219 3239 369 3294 Hesiodum
387 3240 604 3303 commentarius,
623 3241 717 3307 posset
736 3239 831 3292 eodem
849 3238 905 3291 iure
925 3237 958 3290 de
976 3237 1110 3290 scribendi
1129 3238 1330 3305 opportunitate
1348 3237 1403 3290 He·

173 3327 267 3381 sindea
285 3324 399 3392 cogitari
417 3325 461 3387 (cf.
480 3323 617 3378 Nicander
630 3317 734 3377 ‘Ther'
753 3340 776 3376 v.
793 3327 842 3387 12).
878 3323 916 3375 At
940 3336 1019 3375 secus
1038 3321 1179 3375 credimus.
1216 3321 1311 3389 Neque
1332 3320 1403 3375 enim

171 3413 328 3467 nominatur
351 3423 470 3477 unquam
495 3408 575 3462 titulo
600 3408 711 3477 proprio
734 3408 788 3460 tale
812 3407 876 3475 quid
896 3406 1012 3460 Cratetis
1029 3421 1080 3459 nec
1099 3412 1199 3474 cogunt
1223 3407 1277 3461 ulla
1298 3406 1404 3460 ratione

173 3501 301 3565 thnor
317 3508 387 3563 quae
398 3493 560 3548 adferuntur
571 3493 697 3559 frustula,
715 3493 751 3546 ad
767 3492 833 3545 illud
846 3492 981 3544 scribendi
998 3506 1082 3558 genus
1101 3497 1130 3545 ut
1142 3493 1253 3546 ret'eras.
1283 3492 1401 3544 Primum

172 3589 209 3650 (p.
224 3585 257 3634 55
280 3586 309 3634 et
326 3584 358 3633 56
386 3579 451 3644 W.)‚
476 3579 510 3632 de
541 3579 634 3631 muudi
666 3578 753 3630 torma
790 3576 861 3643 quod
884 3582 938 3638 est,
965 3591 998 3628 ex
1029 3578 1236 3645 cosmographia
1258 3578 1402 3631 Homerica

172 3670 237 3734 apte
255 3663 422 3718 derivabitur
439 3663 535 3729 (schol.
554 3655 720 3728 ad‘Theog.'
739 3678 762 3714 v.
778 3663 844 3725 126),
863 3661 977 3714 alterum
995 3661 1028 3713 de
1041 3661 1130 3714 divina
1143 3661 1291 3731 Cyclopum
1304 3667 1402 3714 natura

171 3751 236 3805 item
255 3765 317 3804 cum
330 3748 511 3817 explicatione
523 3746 668 3801 Homerica
681 3746 827 3800 cohaerere
839 3749 930 3813 potest
948 3745 994 3808 (ib.
1008 3745 1078 3800 adv.
1094 3750 1160 3810 142),
1178 3746 1289 3800 tertium
1307 3747 1401 3810 (schol.

173 3835 208 3890 ed
221 3827 315 3903 ‘opp'
328 3850 352 3888 r.
367 3838 416 3887 528
429 3833 462 3886 de
474 3833 575 3900 frigore
587 3833 703 3896 hiemali)
717 3832 893 3885 Bononrncts
911 3829 1025 3884 forsitan
1038 3831 1176 3897 debeatur,
1195 3837 1291 3898 quarto
1304 3830 1402 3894 (Rnehl

169 3918 252 3975 ‘Mus
271 3911 357 3974 rhen'
374 3917 467 3972 XXIX
484 3934 511 3984 p.
526 3921 614 3985 disq.)
631 3917 769 3984 prooemia
786 3914 931 3968 Homerica
948 3915 1088 3969 Hesiodeis
1112 3920 1252 3983 praestare
1276 3915 1402 3968 dicuntur

173 4011 200 4059 et
217 4005 288 4059 haec
304 4017 402 4073 reapse
420 4018 479 4057 esse
491 4001 641 4056 Hesiodeae
658 4001 779 4055 fabricae
796 4007 941 4069 negantur.
978 4001 1059 4055 Vides
1076 4001 1119 4053 vel
1136 4001 1203 4054 talia
1220 4001 1248 4055 in
1267 4014 1401 4054 commen·

173 4089 278 4144 tatiorm
295 4088 387 4156 aliqua
404 4086 549 4142 Homerica
566 4086 687 4154 potuisse
705 4086 812 4153 exponi.
850 4086 980 4139 Poterant
997 4101 1060 4139 vero
1079 4087 1159 4138 etiam
1177 4087 1204 4139 in
1224 4087 1401 4139 Bonnmlms

172 4174 246 4228 haud
264 4173 383 4236 absone,
402 4175 530 4242 quoniam
543 4164 744 4238 ‘Theogoniae'
762 4172 874 4225 exordio
897 4171 932 4224 ad
951 4172 1011 4225 loca
1029 4171 1159 4225 nonnulla
1177 4171 1306 4225 Boeotico
1323 4184 1401 4237 spec·

173 4262 255 4314 tatur.
288 4257 391 4313 Locum
403 4257 595 4312 adscribimus:
614 4251 702 4328 σῖρετὴ
721 4256 751 4313 δὲ
767 4251 805 4327 μὴ
819 4260 904 4312 παντὶ
917 4250 1056 4327 ἁρμόζειν
1067 4253 1205 4312 δύνασθαι
1217 4257 1401 4326 (προοίμιον),

173 4337 245 4401 diti
264 4342 343 4409 ἰδίως
359 4340 458 4415 ἐκείνῳ
476 4346 518 4418 τῷ
536 4346 588 4399 τοῦ
607 4346 719 4398 σκοποῦ
736 4345 784 4398 καὶ
802 4346 851 4412 τῆς
863 4336 1030 4406 ὑποθέσεως
1049 4338 1111 4398 ὄντι
1122 4343 1218 4415 κυρίῳ.
1249 4341 1400 4409 Adsumpto
