3166 5166
524 372 571 426 IV.
590 371 641 426 DE
660 370 833 426 cirninum
853 372 1040 428 MALLOTA.
1337 373 1395 432 171

167 544 431 612 Wacbsmuthius·
452 547 656 630 conspirante
681 547 824 613 Dielesio
837 540 953 636 ‘Reiat
970 568 1017 613 ac.
1036 540 1141 612 berol.'
1166 550 1241 613 1881
1262 569 1292 632 p.
1306 549 1398 623 579⁰)

166 682 208 692 —
229 645 319 732 quin
341 644 473 711 Suedas
489 648 635 710 eumdem
652 645 868 710 intellexerit
881 646 1018 722 librum,
1042 669 1142 732 quem
1158 647 1250 711 oleos
1271 655 1396 732 Διορ-

166 748 329 815 corruo
345 745 499 826 i‘Arzecel.
515 743 670 813 Roman)
690 756 761 833 p.5
786 751 837 812 ed.
857 751 991 830 Osann)
1012 752 1060 815 τὰ
1085 755 1189 835 Περὶ
1212 750 1396 834 διορθεύ-

166 873 269 929 σεως
289 849 403 929 (schol.
419 877 442 934 μ
459 856 511 931 89)
524 846 721 938 Ὁμηρικὰ
742 851 855 925 (scoot.
877 855 904 917 0
925 856 996 931 193)
1012 851 1161 915 laudari
1172 852 1397 937 comperimus

164 951 449 1017 commentorium
464 951 620 1016 Homeri.
649 953 812 1036 Namque
827 974 1037 1036 quamquam
1055 956 1089 1020 dr
1099 956 1115 1019 α’
1126 962 1286 1039 puriore
1302 978 1396 1019 voca·

166 1055 285 1118 bolum
309 1055 350 1117 de
364 1050 485 1118 cm'lico
508 1053 581 1116 solo
604 1061 705 1139 opero
729 1053 768 1116 io
784 1053 1009 1117 emendandis
1025 1055 1124 1118 libris
1134 1057 1249 1141 posim
1265 1057 1397 1121 dieitur

166 1157 224 1242 (cf.
246 1155 388 1220 Ritsclil
405 1151 545 1218 ‘Coroll
568 1155 655 1239 disp.
679 1156 754 1219 bibl.
777 1156 876 1218 alex!
897 1162 932 1240 p.
954 1173 1001 1236 19)
1032 1163 1146 1221 tomeu-
1176 1161 1218 1221 de
1246 1159 1397 1223 editione

166 1264 209 1323 ul
229 1280 307 1322 eum
336 1259 525 1322 Luebberto
549 1264 586 1343 p.
603 1264 664 1335 428
695 1256 847 1341 cogites²t
872 1279 941 1320 non
970 1265 1020 1322 est
1046 1262 1141 1343 qood
1160 1259 1392 1344 persuadeat?

165 1367 210 1430 At
229 1361 430 1447 Διόρθασις
453 1362 554 1427 editio
577 1364 688 1428 critica
709 1373 742 1427 et
765 1370 814 1428 est
836 1370 868 1427 et
890 1365 967 1445 erit,
992 1365 1076 1444 Περὶ
1100 1361 1316 1445 διορθώσεως
1338 1385 1397 1431 seu·

166 1463 387 1550 ’Διορθωτικά
398 1465 481 1530 iiber
496 1463 538 1529 de
551 1463 612 1530 bac
622 1463 764 1529 editione
775 1465 922 1547 scriptus,
936 1466 1205 1548 quemadmodum
1218 1469 1400 1533 rectissime
1504 1515 1505 1518 ,

167 1570 243 1635 olim
267 1566 478 1634 Villoisonius
498 1559 638 1647 ‘Proleg.
663 1557 762 1631 Iliad'
788 1585 819 1648 p.
837 1567 945 1647 XVII,
973 1587 1074 1649 nuper
1097 1568 1296 1634 Hillscberus
1317 1561 1393 1634 ‘Ho-

168 1672 287 1735 minum
311 1671 522 1735 litteratorum
539 1687 727 1750 graecorum
751 1677 825 1733 ante
841 1669 963 1734 'liberii
987 1676 1120 1733 mortem
1144 1671 1175 1733 in
1199 1671 1277 1736 urbe
1293 1672 1395 1737 Roma

166 1777 431 1839 commoraturum
463 1770 536 1836 bist.
559 1762 636 1835 crit'
669 1763 805 1852 (Suppl.
829 1789 902 1834 ann.
927 1763 1047 1852 philai'
1083 1774 1158 1837 1891
1194 1792 1224 1855 p.
1243 1776 1393 1857 358sqq.)

166 1879 352 1940 statuerunt.
397 1872 652 1940 Commentarius
674 1872 730 1936 ilie
753 1879 837 1954 erat;
868 1892 906 1936 ac
937 1874 1082 1955 congruit
1111 1893 1183 1939 cum
1212 1875 1394 1958 interpretis

166 1976 301 2042 consilio
323 1976 494 2042 Onnnnnrs
516 1975 557 2040 de
580 1967 686 2057 ἄωροι
710 1976 798 2039 vocis
822 1973 999 2056 significatu
1023 1977 1181 2041 sententia
1203 1983 1247 2062 ip.
1264 1982 1304 2044 53
1322 1978 1393 2058 W.),

166 2085 344 2162 congruunt
371 2097 455 2162 quae
482 2078 516 2142 in
543 2070 723 2142 ‘Anecdoto
753 2070 950 2141 Osanniano'
977 2088 1020 2159 (p.
1037 2080 1077 2139 40
1095 2078 1155 2154 W.)
1184 2078 1225 2143 de
1255 2079 1393 2145 diversis

165 2181 324 2263 prooemii
351 2180 463 2245 liiadis
492 2179 733 2244 recensionibus
763 2177 898 2243 enarre
927 2178 1086 2243 disseruit.
1132 2180 1290 2247 Seductus
1313 2180 1393 2245 Hill-

165 2280 298 2347 scherus
314 2300 446 2365 operum
466 2281 665 2365 quorundam
688 2280 730 2344 ad
746 2283 954 2344 novenarium
971 2300 1135 2346 nnmerum
1152 2282 1392 2348 distributorum

166 2370 354 2469 exemplis.
370 2383 412 2448 de
435 2383 550 2466 quibus
580 2381 704 2447 erudite
727 2383 892 2465 exposuit,
916 2401 1058 2448 novenos
1081 2384 1179 2450 libros
1202 2392 1234 2449 et
1256 2385 1392 2450 iliadem

165 2486 368 2569 complexam
391 2504 462 2551 esse
485 2485 657 2549 arbitratur
680 2492 712 2549 et
735 2483 923 2568 Odyssean.
969 2487 1012 2549 At
1033 2487 1087 2568 qui
1112 2494 1259 2570 superest
1281 2489 1392 2553 unicus

165 2589 264 2675 testis·
279 2589 325 2653 ita
346 2586 604 2669 interpretandus
628 2595 685 2668 est,
711 2593 744 2650 ut
765 2587 832 2649 vim
861 2606 924 2650 non
949 2589 1056 2652 verbis
1079 2589 1213 2671 inferas,
1245 2591 1393 2670 quamvis

164 2692 235 2776 ipse
257 2689 334 2755 fidei
349 2688 523 2754 admodum
546 2690 588 2754 sit
609 2688 736 2753 dubiae.
775 2688 841 2752 lam
866 2709 943 2755 vero
959 2689 1076 2755 Suidas
1100 2691 1140 2755 de
1164 2711 1278 2756 novem
1304 2693 1392 2756 volu·

164 2793 303 2858 minibus
319 2793 461 2875 loquitur
482 2790 547 2855 duo
570 2791 628 2855 illa
644 2792 786 2856 carmina
801 2793 908 2856 iuncta
923 2793 1168 2859 continentibus.
1208 2793 1391 2857 Proximum

164 2896 261 2977 igitur
283 2895 358 2975 erit,
388 2895 448 2959 etsi
479 2912 541 2957 non
572 2900 709 2968 certum,
740 2894 874 2957 alterum
904 2913 1030 2958 carmen
1062 2894 1211 2959 habuisse
1240 2896 1391 2978 quinque,

165 2984 312 3080 quattuor
326 2996 462 3061 aiterum
479 2995 673 3060 existimare.
707 2995 778 3059 Dici
796 3016 853 3080 per
868 3015 903 3061 se
915 2997 1035 3077 nequit,
1053 2997 1152 3061 utrius
1169 2997 1264 3060 fuerit
1278 3006 1391 3079 pentas

203 3138 214 3142 ..
219 3132 366 3142 --..—-—

255 3232 276 3290 ⁸)
295 3230 441 3299 Conspirat
457 3230 630 3283 Ludwichins
645 3223 728 3282 ιΒεεΙ.
747 3229 811 3298 phil,
830 3221 1061 3283 Wochenscbrift’
1083 3232 1146 3282 1888
1166 3232 1297 3297 pri-127²:
1317 3234 1394 3282 Doss

158 3321 242 3386 jenes
259 3320 417 3385 Fragment
433 3322 481 3368 des
498 3318 603 3366 Kratas
621 3314 664 3373 ide
682 3330 736 3382 quo
754 3330 816 3367 mox
835 3315 948 3378 dicetur)
967 3319 1052 3366 et'nem
1070 3319 1160 3366 seiner
1178 3335 1249 3367 neon
1268 3320 1390 3378 Boeben

163 3409 208 3456 die
220 3406 325 3455 Sus‘das
336 3408 381 3454 als
394 3398 599 3472 Διόρθιυσις
612 3393 688 3456 'limo'
698 3405 757 3465 δας
768 3405 828 3455 καὶ
846 3393 1045 3465 Ὀδυσσείας
1058 3406 1215 3462 beaee'clrnet,
1228 3405 1391 3468 angelro‘rte,

163 3491 239 3569 dors
253 3493 306 3541 wol
321 3493 366 3539 als
384 3491 657 3540 selbstverstdndliclu
677 3488 722 3549 i?!i
741 3491 897 3552 angeselren
917 3493 1032 3538 werden.

250 3592 270 3649 't
285 3587 382 3643 ‘Naro
406 3595 488 3640 ollem
511 3609 567 3640 was
591 3595 642 3640 mir
667 3610 717 3640 σου
739 3595 786 3641 des
805 3593 908 3640 Krates
930 3609 981 3640 uon
1001 3592 1105 3640 Mallos
1123 3593 1327 3654 Bemrileungen
1347 3609 1392 3640 um

163 3679 268 3727 Homer
280 3681 384 3737 missen,
403 3679 532 3726 schemen
546 3679 678 3726 dieselben
699 3680 733 3724 lm
749 3679 949 3726 ll'esentlr'eken
962 3679 1109 3726 hostendere
1127 3694 1158 3725 au
1172 3678 1260 3726 haben
1278 3679 1390 3725 erstliclo

162 3766 192 3812 in
209 3766 285 3812 er'ner
305 3765 330 3811 T
331 3765 546 3811 extesrecension
568 3764 659 3809 deidei¹
678 3763 770 3825 Epeo,
793 3779 851 3810 zum
870 3763 983 3809 sindren
1007 3764 1035 3809 in
1060 3764 1144 3809 einem
1168 3764 1392 3825 exegetisclz-kri-

161 3849 266 3897 a'scmn
284 3847 468 3906 commentar,
490 3849 540 3896 der
559 3849 617 3894 eine
637 3847 876 3912 Rechtsertigung
893 3847 978 3909 jener
997 3848 1021 3894 T
1022 3840 1260 3910 extesgestoltong
1278 3849 1394 3894 entlu'elt

162 3935 223 3982 und
237 3935 268 3981 in
286 3949 358 3981 neun
372 3930 486 3979 Biiclrer
500 3931 621 3993 getheilt
639 3947 714 3978 mar:
732 3933 797 3978 zwei
807 3933 942 3990 Arbeiten,
962 3935 1029 3980 siber
1046 3932 1148 3980 melche
1161 3931 1263 3980 Sue'dos
1278 3935 1326 3979 mit
1343 3948 1392 3979 urs·

158 4033 289 4082 genouer
306 4017 401 4066 Keirze
418 4016 566 4065 bericleiet:
589 4014 721 4077 συνέταξε
740 4010 905 4084 Aede-‘lurotu
923 4007 1036 4078 Ἰλιάδος
1056 4018 1105 4069 καὶ
1120 4013 1279 4078 Ὀδυσσείας
1300 4012 1333 4069 ἐν
1348 4020 1391 4085 βι-

161 4101 255 4172 βλίοις
267 4093 314 4155 8Γ
332 4099 417 4153 lmmo
431 4098 528 4152 Suidus
547 4099 581 4153 de
594 4098 712 4152 editione
724 4098 806 4150 verba
821 4099 894 4162 iacit,
914 4100 947 4153 de
961 4101 1152 4153 commentario
1170 4115 1224 4153 non
1242 4099 1314 4150 item.
1345 4099 1390 4150 ln-

162 4199 221 4239 esse
238 4199 302 4239 vero
314 4191 405 4253 potest
417 4184 603 4240 commentarii
617 4183 746 4238 memoria
757 4183 790 4236 iis
803 4199 872 4251 qnae
885 4192 1035 4252 sequuntur
1049 4185 1136 4238 verbis
1151 4179 1211 4240 ‘xci
1230 4177 1319 4240 ἄλλα.
1350 4182 1374 4235 N
1377 4198 1391 4234 e

160 4267 331 4323 Schraderus
357 4269 463 4336 quidem
479 4261 601 4338 ‘Porpb'
620 4269 632 4321 Ι
651 4286 676 4336 p.
692 4273 741 4322 405
760 4275 867 4337 praeter
886 4265 1069 4341 Διορθωτικά
1094 4269 1177 4322 ullum
1197 4268 1339 4322 Carrenis
1358 4269 1390 4320 de

160 4350 277 4407 Homero
296 4353 432 4407 exstitisse
450 4354 547 4407 librum
567 4356 676 4408 credere
695 4354 808 4408 videtur.
