3166 5166
295 395 316 448 l.
338 394 386 447 DE
404 394 566 449 ACHILLE
585 395 833 450 GRAMMATICO
852 395 965 449 ARATI
983 395 1230 450 INTERPRETE.
1342 397 1378 454 17

123 588 128 596 ’
149 567 425 633 Westermanmrm
456 568 538 632 inter
559 569 695 634 Arateas
720 569 844 650 primae
865 588 896 651 p.
914 571 1047 651 52sqq.,
1077 576 1111 634 ul
1138 569 1181 634 ad
1202 571 1381 636 iuncturam

148 688 188 735 ne
205 667 242 731 δέ
258 669 388 751 quidem
405 670 521 752 copula
536 668 633 735 desii:
657 666 716 755 τήν
740 668 775 733 δὲ
793 671 859 733 τῶν
878 672 1096 751 Φαινομένων
1120 666 1270 755 ἐξήγησιν
1287 673 1381 754 πρῶ-

147 793 206 834 τον
220 768 280 850 μὲν
296 766 445 855 ἑστώσης
461 773 520 854 τῆς
536 773 692 855 σφαίρας,
716 767 800 851 μετὰ
817 769 974 834 δὲταῦτα
988 775 1181 857 κινουμένης
1196 770 1380 860 ἐποιήσατο

147 863 335 955 almer).
381 874 466 957 Ergo
489 873 666 939 rectissime
683 873 842 939 Victorius
869 873 946 938 fecit
966 893 997 956 p.
1016 877 1076 938 108
1087 893 1168 957 sqq.,
1192 875 1277 957 quod
1301 875 1382 941 haec

147 993 299 1056 separare
326 975 411 1040 inter
439 995 474 1042 se
501 994 564 1040 non
594 993 690 1040 ausus
717 981 774 1039 est.
818 975 886 1040 Nos
915 983 947 1040 et
974 977 1097 1058 primae
1121 977 1211 1041 Arati
1234 978 1320 1042 vilae
1350 983 1382 1042 et

148 1075 226 1156 περὶ
257 1072 441 1161 ἐξηγήσεως
469 1078 647 1160 fragmento
677 1075 865 1158 scriptorem
894 1096 985 1142 suum
1015 1098 1056 1142 ex
1086 1078 1198 1143 codice
1227 1079 1381 1145 Vaticano
1414 1113 1416 1121 r

147 1177 277 1242 tandem
307 1181 502 1244 restituimus
530 1178 702 1244 Achillem.
755 1177 795 1241 at
822 1197 991 1259 possumus
1022 1179 1115 1246 huius
1144 1181 1190 1246 rei
1219 1181 1380 1262 quandam

148 1276 421 1347 confirmationem
445 1300 486 1347 ex
509 1287 615 1346 textus
637 1280 749 1344 Aratei
775 1280 878 1344 forma
902 1287 933 1345 et
955 1281 1063 1347 indole
1086 1281 1210 1367 afferre.
1255 1280 1327 1359 Qua
1349 1283 1382 1346 in

147 1400 181 1444 re
212 1380 332 1446 diutius
363 1384 589 1447 commoraturi
618 1368 755 1465 primum
783 1400 825 1447 cx
847 1381 984 1448 Achillis
1007 1383 1145 1465 isagoga
1174 1390 1205 1448 et
1235 1404 1276 1449 ex
1297 1385 1381 1468 frag·

147 1488 255 1547 mento
279 1483 358 1562 περὶ
383 1479 564 1570 ἐξηγήσεως
586 1484 675 1549 lcccs
704 1483 819 1565 quibus
843 1504 923 1567 opus
947 1490 994 1550 est
1016 1484 1159 1564 singulos
1181 1487 1381 1605 apponimus.

234 1590 261 1648 1.
285 1583 429 1651 Achilles
459 1586 536 1668 περὶ
567 1582 749 1673 ἐξηγήσεως
777 1605 843 1668 p.
827 1588 929 1650 272A
958 1586 1068 1652 Petav
1099 1587 1239 1670 φέρεται
1269 1583 1307 1694 δη
1339 1585 1380 1651 τὰ

149 1680 379 1767 Φαινόμενα
364 1684 431 1750 υπὸ
455 1689 516 1767 μέν
538 1712 638 1752 τινων
662 1679 982 1772 ἀπροοιμίαστα(ν.
952 1690 1052 1762 v19)

300 1788 334 1851 οἳ
354 1786 415 1870 μὲν
438 1783 529 1871 ὁμῶς
552 1791 672 1865 πολέες
694 1812 731 1852 τε
752 1790 807 1853 καὶ
832 1782 967 1864 ἄλλυδις
990 1783 1086 1854 ἀλλοι
1110 1786 1219 1866 ἐόντες

145 1883 221 1953 ὕπο
238 1887 275 1952 δέ
297 1911 400 1954 τινων
421 1889 570 1977 διάφορα
593 1884 799 1975 προοίμια’
783 1887 884 1977 αρχήν
907 1888 1038 1971 ἐχοντα·

109 1997 123 2045 5
302 1984 392 2077 ἀμφί
414 2017 473 2075 μοι
494 1987 621 2080 ἠελίοιο
645 1993 870 2075 περικλειτοῑο
894 2016 930 2056 τε
950 1990 1055 2078 μήνης

302 2090 422 2158 ἕσπετέ
444 2118 503 2175 μοι
526 2097 678 2159 Μοῦσαι.

147 2191 222 2258 τινὰ
247 2193 283 2259 δὲ
304 2204 372 2259 τῶν
396 2188 627 2282 ἀντιγράφων·

301 2289 481 2384 Ἀγκλείδη,
507 2296 621 2373 ξείνων
646 2289 734 2380 ἱερὸν
757 2293 874 2375 θάλος,
900 2293 929 2360 εἰ
953 2289 983 2359 δ’
1011 2291 1069 2382 ἄγε
1092 2293 1184 2382 σύ<ν>
1206 2322 1264 2379 μοι

303 2390 459 2486 οὐρανίην
482 2399 651 2482 ψαύσειας
674 2398 732 2464 ἐπὶ
753 2403 878 2481 τρίβον.

99 2509 126 2559 10
148 2497 219 2565 ἐ’νια
243 2499 294 2565 δέ·

300 2595 476 2687 Ἀντίγονε,
501 2601 616 2679 ξείνων
641 2601 729 2685 ἱερὸν
755 2603 871 2680 θάλος.

144 2701 182 2768 τὸ
206 2703 267 2785 μὲν
296 2689 353 2768 οὖν
384 2698 652 2789 ἀπροοιμίαστον
676 2710 846 2791 φέρεσθαι
873 2703 911 2771 τὸ
936 2707 1068 2790 ποίημα
1098 2703 1269 2780 παντελῶς
1292 2701 1381 2768 ἐστιν

147 2797 299 2889 ἀπρεπὲς
320 2807 375 2871 καὶ
400 2799 536 2882 ἀνάξιον
558 2809 617 2894 τής
638 2809 697 2871 τοῦ
720 2810 863 2893 ποιητοῦ
887 2799 1005 2892 ἀρετῆς
1026 2808 1082 2870 καὶ
1103 2808 1163 2890 τής
1184 2804 1381 2893 τηλικαύτης

146 2901 347 2983 ὑποθέσεως
379 2902 533 2992 (ἄναρχον
560 2907 622 2995 γὰρ
650 2911 706 2973 καὶ
731 2902 898 2996 ἀκέφαλον
922 2907 1016 2974 ἐσται
1037 2906 1075 2973 τὸ
1099 2911 1259 2993 ποίημα),
1281 2905 1319 2972 τὸ
1345 2907 1381 2973 δὲ

95 3021 124 3071 15
147 3000 215 3074 ἀπὸ
240 3011 301 3074 τσῦ
323 3001 519 3095 «Άγκλείόη»
547 3012 604 3076 καλ
632 3013 698 3076 τῶν
728 3008 802 3096 ἐξής
832 3006 998 3092 ἄρχεσθαι
1020 3007 1106 3095 πρός
1128 3013 1176 3094 api
1200 3008 1256 3074 διὰ
1282 3034 1380 3074 κακο-
1448 3062 1451 3071 .

148 3108 262 3198 ζηλίαν
286 3108 437 3197 ἐκφυγεῖν
465 3113 571 3176 ταῦτα
599 3109 641 3176 τὰ
665 3110 729 3198 ἐπη
759 3109 816 3176 τὸν
839 3104 1011 3194 Άράτειον
1035 3115 1232 3200 χαρακτῆρα
1254 3109 1303 3176 ἐτι
1324 3114 1380 3176 καὶ

147 3210 335 3294 ἐναντίωμα
360 3212 425 3294 ἐχει
446 3210 484 3278 τὸ
515 3213 655 3279 οἴεσθαι
676 3211 1039 3301 ἐβδομήκονταετηρίόα
1061 3209 1162 3293 εἶναι,
1192 3212 1226 3278 ἐν
1249 3206 1270 3299 ᾗ
1293 3206 1380 3278 ἀπο-

146 3319 354 3381 καθίσταται
376 3310 393 3380 ὃ
417 3306 512 3403 ήλιος
535 3310 603 3380 ἀπὸ
629 3319 767 3402 σημείου
791 3312 847 3380 ἐπὶ
866 3327 1012 3401 σημεῖον.
1051 3313 1116 3396 ἐχει
1138 3312 1200 3399 γὰρ
1222 3314 1260 3380 τὸ
1284 3339 1380 3380 κατε·
1423 3373 1427 3391 ,

146 3420 337 3502 ψευσμένον
360 3423 541 3503 προοίμιον
564 3416 670 3493 οὕτως

96 3532 124 3581 20
301 3517 429 3601 ἐπταχα
452 3517 511 3584 σὺν
535 3518 689 3604 heracleo<
693 3519 743 3603 σ>ι
766 3521 1023 3602 περιπλομένων
1047 3517 1205 3583 ἐνιαυτῶν
1283 3506 1284 3510 ¹

147 3622 207 3687 τοῦ
235 3614 377 3705 Ἀράτου
412 3618 737 3708 ἐννεακαιδεκαετηρί
724 3619 780 3686 ίόα
814 3615 995 3696 εἰδότος
978 3643 1291 3719 αποκαταστατικην
1322 3623 1380 3686 τοῦ

147 3718 204 3812 ήλί
205 3748 243 3788 σο
268 3722 324 3789 διὰ
347 3722 473 3788 τούτων
497 3728 539 3803 (v.
557 3728 752 3800 752-755J·

518 3823 559 3889 τὰ
582 3823 645 3909 γὰρ
669 3830 897 3910 συναγείρεται
920 3818 980 3911 ήδη

303 3925 533 3993 ἐννεακαίδεκα
555 3921 655 3992 κύκλα
680 3929 820 4013 φαεινοῦ
842 3920 980 4011 ἠελίοιο,

238 4095 268 4163 ¹⁶)
288 4095 405 4149 Finxit
397 4096 479 4162 1gitur
496 4096 628 4164 sphaerae
641 4099 758 4149 Arateae
777 4095 928 4149 machinam
946 4110 979 4148 ac
997 4094 1055 4148 lieri
1067 4098 1202 4161 poteshu
1184 4099 1304 4147 ulrecte
1317 4093 1381 4147 Die·

147 4180 231 4234 lesiue
251 4179 327 4235 Suid.
341 4197 362 4234 s
376 4196 399 4267 η.
418 4173 555 4251 Ἀχιλλευς
567 4176 683 4236 verha''
667 4197 777 4253 εγραφε
795 4180 825 4236 δὲ
842 4183 908 4248 περὶ
926 4181 1052 4253 σφαίρας
1069 4182 1116 4234 καί
1129 4178 1317 4250 ἐτυμολογίας
1333 4181 1382 4234 καί

149 4262 283 4336 ιστορίαν
292 4221 450 4334 σύμμικτον
460 4269 576 4321 πολλῶν
587 4286 635 4321 και
628 4262 777 4336 μεγάλων
788 4269 836 4321 καὶ
846 4267 1016 4333 θαυμασίων
1028 4258 1139 4335 ἀνδρῶν
1148 4259 1382 4335 μνημονεύουσαν

149 4349 186 4404 ad
204 4351 277 4404 hunc
295 4350 428 4404 Achillem
445 4351 647 4416 grammaticum
666 4350 833 4404 revocaverit
851 4349 979 4419 (Dcxcgr.
994 4351 1011 4404 l
1026 4357 1067 4413 c..)

200 4436 309 4488 Philolog.
324 4435 523 4488 Untersuchungen
536 4437 587 4478 XII.
1214 4439 1228 4487 2
