<?xml version="1.0" encoding="UTF-8"?>
<!DOCTYPE html PUBLIC "-//W3C//DTD XHTML 1.0 Transitional//EN"
    "http://www.w3.org/TR/xhtml1/DTD/xhtml1-transitional.dtd">
<html xmlns="http://www.w3.org/1999/xhtml" xml:lang="en" lang="en">
 <head>
  <title>
</title>
<meta http-equiv="Content-Type" content="text/html;charset=utf-8" />
  <meta name='ocr-system' content='tesseract 3.04.00' />
  <meta name='ocr-capabilities' content='ocr_page ocr_carea ocr_par ocr_line ocrx_word'/>
</head>
<body>
  <div class='ocr_page' id='page_1' title='image "./aratea00maasgoog_0330.png"; bbox 0 0 3174 5160; ppageno 0'>
   <div class='ocr_carea' id='block_1_1' title="bbox 445 368 1395 428">
    <p class='ocr_par' dir='ltr' id='par_1_1' title="bbox 445 368 1395 428">
     <span class='ocr_line' id='line_1_1' title="bbox 445 368 1395 428; baseline 0.002 -4"><span class='ocrx_word' id='word_1_1' title='bbox 445 369 520 425; x_wconf 86' lang='lat' dir='ltr'><strong>VIII.</strong></span> <span class='ocrx_word' id='word_1_2' title='bbox 539 369 590 423; x_wconf 81' lang='lat' dir='ltr'>Du</span> <span class='ocrx_word' id='word_1_3' title='bbox 608 368 677 424; x_wconf 84' lang='lat'>000</span> <span class='ocrx_word' id='word_1_4' title='bbox 696 368 898 424; x_wconf 84' lang='lat' dir='ltr'>POETARUM</span> <span class='ocrx_word' id='word_1_5' title='bbox 917 368 1119 424; x_wconf 83' lang='lat' dir='ltr'>SODALIOIO.</span> <span class='ocrx_word' id='word_1_6' title='bbox 1333 368 1395 428; x_wconf 83' lang='lat'>325</span> 
     </span>
    </p>
   </div>
   <div class='ocr_carea' id='block_1_2' title="bbox 168 540 1406 1955">
    <p class='ocr_par' dir='ltr' id='par_1_2' title="bbox 168 540 1406 1955">
     <span class='ocr_line' id='line_1_2' title="bbox 169 540 1403 628; baseline -0.002 -19"><span class='ocrx_word' id='word_1_7' title='bbox 169 542 336 628; x_wconf 86' lang='lat' dir='ltr'>(Apollod.</span> <span class='ocrx_word' id='word_1_8' title='bbox 358 543 375 608; x_wconf 97' lang='grc' dir='ltr'><strong>Ι</strong></span> <span class='ocrx_word' id='word_1_9' title='bbox 396 548 427 626; x_wconf 88' lang='grc'>4,</span> <span class='ocrx_word' id='word_1_10' title='bbox 443 543 528 619; x_wconf 81' lang='lat'>6).⁴⁷)</span> <span class='ocrx_word' id='word_1_11' title='bbox 574 541 697 622; x_wconf 81' lang='lat' dir='ltr'>Quodsi</span> <span class='ocrx_word' id='word_1_12' title='bbox 729 543 859 626; x_wconf 80' lang='lat' dir='ltr'>nuptiae</span> <span class='ocrx_word' id='word_1_13' title='bbox 889 540 1103 626; x_wconf 81' lang='lat' dir='ltr'>Amphitrites</span> <span class='ocrx_word' id='word_1_14' title='bbox 1133 549 1166 608; x_wconf 92' lang='lat' dir='ltr'>st</span> <span class='ocrx_word' id='word_1_15' title='bbox 1192 544 1334 626; x_wconf 78' lang='lat' dir='ltr'>Neptuni</span> <span class='ocrx_word' id='word_1_16' title='bbox 1364 544 1403 622; x_wconf 89' lang='lat' dir='ltr'>(si</span> 
     </span>
     <span class='ocr_line' id='line_1_3' title="bbox 170 642 1403 728; baseline -0.001 -17"><span class='ocrx_word' id='word_1_17' title='bbox 170 666 235 711; x_wconf 91' lang='lat' dir='ltr'>non</span> <span class='ocrx_word' id='word_1_18' title='bbox 264 645 353 728; x_wconf 90' lang='lat' dir='ltr'>prius</span> <span class='ocrx_word' id='word_1_19' title='bbox 383 646 465 728; x_wconf 88' lang='lat' dir='ltr'>iam,</span> <span class='ocrx_word' id='word_1_20' title='bbox 497 644 584 728; x_wconf 92' lang='lat' dir='ltr'>quod</span> <span class='ocrx_word' id='word_1_21' title='bbox 607 644 648 709; x_wconf 92' lang='lat' dir='ltr'>ob</span> <span class='ocrx_word' id='word_1_22' title='bbox 671 642 757 709; x_wconf 91' lang='lat' dir='ltr'>Solis</span> <span class='ocrx_word' id='word_1_23' title='bbox 780 644 968 726; x_wconf 79' lang='lat' dir='ltr'><strong>religionem</strong></span> <span class='ocrx_word' id='word_1_24' title='bbox 992 643 1122 710; x_wconf 87' lang='lat' dir='ltr'>eredere</span> <span class='ocrx_word' id='word_1_25' title='bbox 1144 663 1203 728; x_wconf 89' lang='lat' dir='ltr'>par</span> <span class='ocrx_word' id='word_1_26' title='bbox 1226 649 1285 717; x_wconf 90' lang='lat' dir='ltr'>sst)</span> <span class='ocrx_word' id='word_1_27' title='bbox 1309 645 1403 710; x_wconf 89' lang='lat' dir='ltr'>terti0</span> 
     </span>
     <span class='ocr_line' id='line_1_4' title="bbox 171 745 1403 830; baseline 0.001 -19"><span class='ocrx_word' id='word_1_28' title='bbox 171 748 282 830; x_wconf 91' lang='lat' dir='ltr'>utique</span> <span class='ocrx_word' id='word_1_29' title='bbox 305 767 333 811; x_wconf 86' lang='lat' dir='ltr'>a.</span> <span class='ocrx_word' id='word_1_30' title='bbox 356 746 432 813; x_wconf 84' lang='lat' dir='ltr'>Ohr.</span> <span class='ocrx_word' id='word_1_31' title='bbox 454 748 585 812; x_wconf 88' lang='lat' dir='ltr'>saeculo</span> <span class='ocrx_word' id='word_1_32' title='bbox 606 746 650 811; x_wconf 90' lang='lat' dir='ltr'>ad</span> <span class='ocrx_word' id='word_1_33' title='bbox 674 745 757 812; x_wconf 82' lang='lat' dir='ltr'>Coos</span> <span class='ocrx_word' id='word_1_34' title='bbox 783 745 927 829; x_wconf 80' lang='lat' dir='ltr'>perlatae</span> <span class='ocrx_word' id='word_1_35' title='bbox 956 751 1045 826; x_wconf 88' lang='lat' dir='ltr'>sunt,</span> <span class='ocrx_word' id='word_1_36' title='bbox 1075 747 1180 828; x_wconf 92' lang='lat' dir='ltr'>potuit</span> <span class='ocrx_word' id='word_1_37' title='bbox 1208 748 1338 812; x_wconf 88' lang='lat' dir='ltr'>evenire</span> <span class='ocrx_word' id='word_1_38' title='bbox 1360 781 1403 793; x_wconf 92' lang='lat'><em>-</em></span> 
     </span>
     <span class='ocr_line' id='line_1_5' title="bbox 171 846 1402 932; baseline 0.002 -20"><span class='ocrx_word' id='word_1_39' title='bbox 171 846 254 912; x_wconf 87' lang='lat' dir='ltr'><strong>nihil</strong></span> <span class='ocrx_word' id='word_1_40' title='bbox 275 847 415 915; x_wconf 75' lang='lat' dir='ltr'><strong>dicimus</strong></span> <span class='ocrx_word' id='word_1_41' title='bbox 436 849 521 914; x_wconf 93' lang='lat' dir='ltr'>ultra</span> <span class='ocrx_word' id='word_1_42' title='bbox 543 885 594 929; x_wconf 92' lang='lat'>-—,</span> <span class='ocrx_word' id='word_1_43' title='bbox 618 854 653 912; x_wconf 94' lang='lat' dir='ltr'>ut</span> <span class='ocrx_word' id='word_1_44' title='bbox 676 846 829 932; x_wconf 89' lang='lat' dir='ltr'>Delphini</span> <span class='ocrx_word' id='word_1_45' title='bbox 858 847 947 912; x_wconf 90' lang='lat' dir='ltr'>sidus</span> <span class='ocrx_word' id='word_1_46' title='bbox 971 846 1015 912; x_wconf 89' lang='lat' dir='ltr'>ed</span> <span class='ocrx_word' id='word_1_47' title='bbox 1037 848 1166 929; x_wconf 90' lang='lat' dir='ltr'>nuptias</span> <span class='ocrx_word' id='word_1_48' title='bbox 1188 849 1266 914; x_wconf 85' lang='lat' dir='ltr'>istus</span> <span class='ocrx_word' id='word_1_49' title='bbox 1288 849 1402 914; x_wconf 92' lang='lat' dir='ltr'>nobili-</span> 
     </span>
     <span class='ocr_line' id='line_1_6' title="bbox 170 947 1404 1032; baseline 0.002 -18"><span class='ocrx_word' id='word_1_50' title='bbox 170 947 288 1015; x_wconf 80' lang='lat' dir='ltr'>tendas</span> <span class='ocrx_word' id='word_1_51' title='bbox 309 970 330 1014; x_wconf 89' lang='lat' dir='ltr'>a</span> <span class='ocrx_word' id='word_1_52' title='bbox 352 949 491 1017; x_wconf 84' lang='lat' dir='ltr'>Ooorum</span> <span class='ocrx_word' id='word_1_53' title='bbox 513 952 622 1017; x_wconf 90' lang='lat' dir='ltr'>neseio</span> <span class='ocrx_word' id='word_1_54' title='bbox 645 967 708 1032; x_wconf 92' lang='lat' dir='ltr'>quo</span> <span class='ocrx_word' id='word_1_55' title='bbox 732 949 801 1014; x_wconf 84' lang='lat' dir='ltr'>sive</span> <span class='ocrx_word' id='word_1_56' title='bbox 824 955 1006 1013; x_wconf 81' lang='lat' dir='ltr'>astronomo</span> <span class='ocrx_word' id='word_1_57' title='bbox 1036 968 1094 1014; x_wconf 92' lang='lat' dir='ltr'>seu</span> <span class='ocrx_word' id='word_1_58' title='bbox 1115 956 1212 1032; x_wconf 92' lang='lat' dir='ltr'>posta</span> <span class='ocrx_word' id='word_1_59' title='bbox 1234 951 1317 1016; x_wconf 88' lang='lat' dir='ltr'>caeli</span> <span class='ocrx_word' id='word_1_60' title='bbox 1339 957 1404 1016; x_wconf 92' lang='lat' dir='ltr'>stu·</span> 
     </span>
     <span class='ocr_line' id='line_1_7' title="bbox 172 1041 1403 1137; baseline 0.001 -23"><span class='ocrx_word' id='word_1_61' title='bbox 172 1049 265 1117; x_wconf 91' lang='lat' dir='ltr'>dioso</span> <span class='ocrx_word' id='word_1_62' title='bbox 288 1050 512 1119; x_wconf 79' lang='lat' dir='ltr'>advocaretur.</span> <span class='ocrx_word' id='word_1_63' title='bbox 545 1052 614 1118; x_wconf 86' lang='lat' dir='ltr'>Iam</span> <span class='ocrx_word' id='word_1_64' title='bbox 627 1041 875 1117; x_wconf 77' lang='lat' dir='ltr'>‘Catastersmi&#39;</span> <span class='ocrx_word' id='word_1_65' title='bbox 893 1051 939 1114; x_wconf 86' lang='lat' dir='ltr'>ita</span> <span class='ocrx_word' id='word_1_66' title='bbox 957 1052 1023 1116; x_wconf 86' lang='lat' dir='ltr'>fers</span> <span class='ocrx_word' id='word_1_67' title='bbox 1038 1071 1069 1134; x_wconf 92' lang='lat' dir='ltr'>p.</span> <span class='ocrx_word' id='word_1_68' title='bbox 1088 1053 1148 1116; x_wconf 88' lang='lat'>158</span> <span class='ocrx_word' id='word_1_69' title='bbox 1167 1052 1208 1117; x_wconf 92' lang='lat' dir='ltr'>de</span> <span class='ocrx_word' id='word_1_70' title='bbox 1224 1051 1403 1137; x_wconf 91' lang='lat' dir='ltr'>Delphino:</span> 
     </span>
     <span class='ocr_line' id='line_1_8' title="bbox 168 1144 1403 1237; baseline 0.002 -21"><span class='ocrx_word' id='word_1_71' title='bbox 168 1144 430 1236; x_wconf 88' lang='lat' dir='ltr'>‘Amphitritam,</span> <span class='ocrx_word' id='word_1_72' title='bbox 464 1161 500 1219; x_wconf 91' lang='lat' dir='ltr'>ut</span> <span class='ocrx_word' id='word_1_73' title='bbox 531 1153 708 1236; x_wconf 86' lang='lat' dir='ltr'>virginitati</span> <span class='ocrx_word' id='word_1_74' title='bbox 741 1153 942 1235; x_wconf 88' lang='lat' dir='ltr'>provideret,</span> <span class='ocrx_word' id='word_1_75' title='bbox 976 1152 1117 1236; x_wconf 85' lang='lat' dir='ltr'>Neptuni</span> <span class='ocrx_word' id='word_1_76' title='bbox 1149 1156 1331 1237; x_wconf 82' lang='lat' dir='ltr'>coniugium</span> <span class='ocrx_word' id='word_1_77' title='bbox 1361 1155 1403 1219; x_wconf 91' lang='lat' dir='ltr'>ad</span> 
     </span>
     <span class='ocr_line' id='line_1_9' title="bbox 171 1252 1403 1338; baseline 0.002 -20"><span class='ocrx_word' id='word_1_78' title='bbox 171 1254 336 1320; x_wconf 83' lang='lat' dir='ltr'>Atlantem</span> <span class='ocrx_word' id='word_1_79' title='bbox 358 1275 460 1338; x_wconf 91' lang='lat' dir='ltr'>usque</span> <span class='ocrx_word' id='word_1_80' title='bbox 482 1254 664 1338; x_wconf 83' lang='lat' dir='ltr'>defugisse,</span> <span class='ocrx_word' id='word_1_81' title='bbox 694 1256 752 1321; x_wconf 91' lang='lat' dir='ltr'>sed</span> <span class='ocrx_word' id='word_1_82' title='bbox 774 1274 795 1319; x_wconf 93' lang='lat' dir='ltr'>a</span> <span class='ocrx_word' id='word_1_83' title='bbox 817 1252 971 1337; x_wconf 91' lang='lat' dir='ltr'>delphino</span> <span class='ocrx_word' id='word_1_84' title='bbox 995 1254 1048 1319; x_wconf 89' lang='lat' dir='ltr'>dei</span> <span class='ocrx_word' id='word_1_85' title='bbox 1071 1256 1158 1321; x_wconf 91' lang='lat' dir='ltr'>iussu</span> <span class='ocrx_word' id='word_1_86' title='bbox 1181 1257 1403 1322; x_wconf 87' lang='lat' dir='ltr'>redinveutam</span> 
     </span>
     <span class='ocr_line' id='line_1_10' title="bbox 172 1355 1404 1441; baseline 0.002 -20"><span class='ocrx_word' id='word_1_87' title='bbox 172 1375 254 1422; x_wconf 90' lang='lat' dir='ltr'>esse.</span> <span class='ocrx_word' id='word_1_88' title='bbox 300 1355 372 1433; x_wconf 78' lang='lat' dir='ltr'>Qua</span> <span class='ocrx_word' id='word_1_89' title='bbox 399 1357 442 1423; x_wconf 90' lang='lat' dir='ltr'>ad</span> <span class='ocrx_word' id='word_1_90' title='bbox 472 1376 562 1423; x_wconf 86' lang='lat' dir='ltr'>suam</span> <span class='ocrx_word' id='word_1_91' title='bbox 589 1356 787 1422; x_wconf 91' lang='lat' dir='ltr'>voluntatem</span> <span class='ocrx_word' id='word_1_92' title='bbox 809 1355 967 1439; x_wconf 88' lang='lat' dir='ltr'>perducta</span> <span class='ocrx_word' id='word_1_93' title='bbox 988 1357 1147 1423; x_wconf 86' lang='lat' dir='ltr'>maximos</span> <span class='ocrx_word' id='word_1_94' title='bbox 1170 1357 1325 1441; x_wconf 91' lang='lat' dir='ltr'>delphino</span> <span class='ocrx_word' id='word_1_95' title='bbox 1349 1357 1404 1424; x_wconf 91' lang='lat' dir='ltr'>ho·</span> 
     </span>
     <span class='ocr_line' id='line_1_11' title="bbox 172 1456 1403 1543; baseline 0.002 -20"><span class='ocrx_word' id='word_1_96' title='bbox 172 1478 268 1525; x_wconf 91' lang='lat' dir='ltr'>nores</span> <span class='ocrx_word' id='word_1_97' title='bbox 297 1466 329 1524; x_wconf 91' lang='lat' dir='ltr'>st</span> <span class='ocrx_word' id='word_1_98' title='bbox 357 1459 391 1523; x_wconf 94' lang='lat' dir='ltr'>in</span> <span class='ocrx_word' id='word_1_99' title='bbox 420 1460 501 1523; x_wconf 86' lang='lat' dir='ltr'>mari</span> <span class='ocrx_word' id='word_1_100' title='bbox 530 1459 680 1524; x_wconf 88' lang='lat' dir='ltr'>tribuisse</span> <span class='ocrx_word' id='word_1_101' title='bbox 702 1460 887 1543; x_wconf 88' lang='lat' dir='ltr'>Neptunum</span> <span class='ocrx_word' id='word_1_102' title='bbox 916 1465 948 1523; x_wconf 92' lang='lat' dir='ltr'>st</span> <span class='ocrx_word' id='word_1_103' title='bbox 975 1459 1070 1524; x_wconf 90' lang='lat' dir='ltr'>astris</span> <span class='ocrx_word' id='word_1_104' title='bbox 1092 1460 1213 1541; x_wconf 89' lang='lat' dir='ltr'>piscem</span> <span class='ocrx_word' id='word_1_105' title='bbox 1238 1456 1403 1526; x_wconf 70' lang='lat' dir='ltr'>intulisse?</span> 
     </span>
     <span class='ocr_line' id='line_1_12' title="bbox 173 1546 1403 1648; baseline 0.002 -24"><span class='ocrx_word' id='word_1_106' title='bbox 173 1556 251 1625; x_wconf 78' lang='lat' dir='ltr'>riuos</span> <span class='ocrx_word' id='word_1_107' title='bbox 274 1552 305 1623; x_wconf 76' lang='grc' dir='ltr'>δ’</span> <span class='ocrx_word' id='word_1_108' title='bbox 333 1546 374 1623; x_wconf 66' lang='grc' dir='ltr'>ὃν</span> <span class='ocrx_word' id='word_1_109' title='bbox 397 1556 487 1645; x_wconf 75' lang='grc' dir='ltr'><em>αὕτη]</em></span> <span class='ocrx_word' id='word_1_110' title='bbox 509 1559 764 1643; x_wconf 59' lang='lat' dir='ltr'>renouarentur</span> <span class='ocrx_word' id='word_1_111' title='bbox 785 1564 997 1642; x_wconf 68' lang='grc' dir='ltr'><em>χαρίσασθαι</em></span> <span class='ocrx_word' id='word_1_112' title='bbox 1019 1561 1177 1639; x_wconf 74' lang='grc' dir='ltr'><em>θέλωσιν,</em></span> <span class='ocrx_word' id='word_1_113' title='bbox 1202 1560 1235 1625; x_wconf 79' lang='grc' dir='ltr'>ἓν</span> <span class='ocrx_word' id='word_1_114' title='bbox 1256 1563 1298 1648; x_wconf 78' lang='grc' dir='ltr'><em>τῇ</em></span> <span class='ocrx_word' id='word_1_115' title='bbox 1318 1565 1403 1648; x_wconf 81' lang='grc' dir='ltr'><em>χειρὶ</em></span> 
     </span>
     <span class='ocr_line' id='line_1_13' title="bbox 173 1654 1406 1749; baseline 0.003 -25"><span class='ocrx_word' id='word_1_116' title='bbox 173 1663 332 1726; x_wconf 81' lang='grc' dir='ltr'><em>ποιοῦσιν</em></span> <span class='ocrx_word' id='word_1_117' title='bbox 348 1658 465 1741; x_wconf 71' lang='grc' dir='ltr'><em>ἔχοντα</em></span> <span class='ocrx_word' id='word_1_118' title='bbox 487 1658 546 1726; x_wconf 84' lang='grc' dir='ltr'><em>τὸν</em></span> <span class='ocrx_word' id='word_1_119' title='bbox 569 1661 720 1747; x_wconf 83' lang='grc' dir='ltr'><em>δελφῖνα,</em></span> <span class='ocrx_word' id='word_1_120' title='bbox 743 1663 802 1747; x_wconf 80' lang='grc' dir='ltr'><em>τῆς</em></span> <span class='ocrx_word' id='word_1_121' title='bbox 825 1654 1012 1747; x_wconf 77' lang='grc' dir='ltr'><em>εὐεργεσίας</em></span> <span class='ocrx_word' id='word_1_122' title='bbox 1027 1666 1183 1749; x_wconf 78' lang='grc' dir='ltr'><em>μεγίστην</em></span> <span class='ocrx_word' id='word_1_123' title='bbox 1199 1661 1299 1739; x_wconf 78' lang='grc' dir='ltr'><em>δόξαν</em></span> <span class='ocrx_word' id='word_1_124' title='bbox 1315 1656 1406 1749; x_wconf 70' lang='grc' dir='ltr'><em>αὕτη]</em></span> 
     </span>
     <span class='ocr_line' id='line_1_14' title="bbox 174 1756 1405 1848; baseline 0.002 -20"><span class='ocrx_word' id='word_1_125' title='bbox 174 1757 411 1845; x_wconf 76' lang='grc' dir='ltr'><em>ἀπονέμοντες.</em></span> <span class='ocrx_word' id='word_1_126' title='bbox 457 1763 570 1847; x_wconf 85' lang='grc' dir='ltr'><em>λέγει</em></span> <span class='ocrx_word' id='word_1_127' title='bbox 600 1762 641 1828; x_wconf 78' lang='grc' dir='ltr'>δὲ</span> <span class='ocrx_word' id='word_1_128' title='bbox 670 1765 768 1847; x_wconf 76' lang='grc' dir='ltr'><em>περὶ</em></span> <span class='ocrx_word' id='word_1_129' title='bbox 796 1756 923 1828; x_wconf 80' lang='grc' dir='ltr'><em>αὐτοῦ</em></span> <span class='ocrx_word' id='word_1_130' title='bbox 946 1764 1014 1827; x_wconf 82' lang='grc' dir='ltr'>καὶ</span> <span class='ocrx_word' id='word_1_131' title='bbox 1035 1760 1342 1848; x_wconf 76' lang='grc' dir='ltr'><em>Ἀρτεμίδωρος</em></span> <span class='ocrx_word' id='word_1_132' title='bbox 1365 1762 1405 1830; x_wconf 79' lang='grc' dir='ltr'>ἐν</span> 
     </span>
     <span class='ocr_line' id='line_1_15' title="bbox 173 1857 1405 1955; baseline 0.003 -26"><span class='ocrx_word' id='word_1_133' title='bbox 173 1877 268 1942; x_wconf 85' lang='grc' dir='ltr'><em>ταῖς</em></span> <span class='ocrx_word' id='word_1_134' title='bbox 286 1857 512 1948; x_wconf 81' lang='grc' dir='ltr'><em>Ἐλεγείοις</em></span> <span class='ocrx_word' id='word_1_135' title='bbox 538 1878 631 1941; x_wconf 84' lang='grc' dir='ltr'><em>ταῖς</em></span> <span class='ocrx_word' id='word_1_136' title='bbox 660 1868 758 1951; x_wconf 79' lang='grc' dir='ltr'><em>περὶ</em></span> <span class='ocrx_word' id='word_1_137' title='bbox 787 1868 858 1930; x_wconf 77' lang='grc' dir='ltr'><em>τοῦ</em></span> <span class='ocrx_word' id='word_1_138' title='bbox 879 1859 1054 1951; x_wconf 82' lang='grc' dir='ltr'><em>Ἔρωτος</em></span> <span class='ocrx_word' id='word_1_139' title='bbox 1083 1859 1193 1950; x_wconf 73' lang='grc' dir='ltr'><em>αὐτῷ</em></span> <span class='ocrx_word' id='word_1_140' title='bbox 1221 1891 1405 1955; x_wconf 79' lang='grc' dir='ltr'><em>πεποιη-</em></span> 
     </span>
    </p>
   </div>
   <div class='ocr_carea' id='block_1_3' title="bbox 171 2048 1407 2798">
    <p class='ocr_par' dir='ltr' id='par_1_3' title="bbox 171 2048 1407 2798">
     <span class='ocr_line' id='line_1_16' title="bbox 263 2048 1404 2118; baseline 0.007 -18"><span class='ocrx_word' id='word_1_141' title='bbox 263 2048 297 2113; x_wconf 63' lang='lat'>47)</span> <span class='ocrx_word' id='word_1_142' title='bbox 313 2049 388 2102; x_wconf 85' lang='lat' dir='ltr'>Alibi</span> <span class='ocrx_word' id='word_1_143' title='bbox 401 2049 471 2104; x_wconf 87' lang='lat' dir='ltr'>Solis</span> <span class='ocrx_word' id='word_1_144' title='bbox 489 2053 516 2104; x_wconf 90' lang='lat' dir='ltr'>st</span> <span class='ocrx_word' id='word_1_145' title='bbox 527 2049 710 2118; x_wconf 82' lang='lat' dir='ltr'>Amphitrites</span> <span class='ocrx_word' id='word_1_146' title='bbox 727 2050 783 2104; x_wconf 90' lang='lat' dir='ltr'>filia</span> <span class='ocrx_word' id='word_1_147' title='bbox 795 2049 907 2104; x_wconf 87' lang='lat' dir='ltr'>Rhodus</span> <span class='ocrx_word' id='word_1_148' title='bbox 925 2049 1032 2103; x_wconf 91' lang='lat' dir='ltr'>dicitur.</span> <span class='ocrx_word' id='word_1_149' title='bbox 1063 2049 1109 2104; x_wconf 90' lang='lat' dir='ltr'>Sol</span> <span class='ocrx_word' id='word_1_150' title='bbox 1126 2049 1199 2117; x_wconf 91' lang='lat' dir='ltr'>apud</span> <span class='ocrx_word' id='word_1_151' title='bbox 1211 2048 1282 2104; x_wconf 82' lang='lat' dir='ltr'>(loos</span> <span class='ocrx_word' id='word_1_152' title='bbox 1300 2050 1404 2108; x_wconf 83' lang='lat' dir='ltr'>cultus:</span> 
     </span>
     <span class='ocr_line' id='line_1_17' title="bbox 175 2127 1404 2207; baseline 0.005 -21"><span class='ocrx_word' id='word_1_153' title='bbox 175 2133 352 2202; x_wconf 77' lang='lat' dir='ltr'>Asclepiades</span> <span class='ocrx_word' id='word_1_154' title='bbox 375 2134 461 2189; x_wconf 91' lang='lat' dir='ltr'>schol.</span> <span class='ocrx_word' id='word_1_155' title='bbox 484 2127 822 2203; x_wconf 79' lang='lat' dir='ltr'>Pinu.‘01.&#39;vl1v.24,</span> <span class='ocrx_word' id='word_1_156' title='bbox 844 2134 964 2189; x_wconf 91' lang='lat' dir='ltr'>Dibbelt.</span> <span class='ocrx_word' id='word_1_157' title='bbox 985 2152 1013 2204; x_wconf 92' lang='lat' dir='ltr'>p.</span> <span class='ocrx_word' id='word_1_158' title='bbox 1026 2139 1107 2204; x_wconf 74' lang='lat' dir='ltr'>Asqq.</span> <span class='ocrx_word' id='word_1_159' title='bbox 1126 2139 1167 2189; x_wconf 83' lang='grc'>68.</span> <span class='ocrx_word' id='word_1_160' title='bbox 1192 2166 1224 2173; x_wconf 82' lang='lat'><strong>—</strong></span> <span class='ocrx_word' id='word_1_161' title='bbox 1244 2127 1404 2207; x_wconf 88' lang='grc' dir='ltr'><em>Ἀμφιτρίτη</em></span> 
     </span>
     <span class='ocr_line' id='line_1_18' title="bbox 171 2212 1404 2292; baseline -0.001 -18"><span class='ocrx_word' id='word_1_162' title='bbox 171 2212 236 2274; x_wconf 86' lang='lat' dir='ltr'>‘dea</span> <span class='ocrx_word' id='word_1_163' title='bbox 252 2220 394 2289; x_wconf 88' lang='lat' dir='ltr'>utriusqus</span> <span class='ocrx_word' id='word_1_164' title='bbox 412 2213 508 2273; x_wconf 87' lang='lat' dir='ltr'>maris&#39;</span> <span class='ocrx_word' id='word_1_165' title='bbox 529 2225 584 2274; x_wconf 89' lang='lat' dir='ltr'>est:</span> <span class='ocrx_word' id='word_1_166' title='bbox 603 2215 701 2292; x_wconf 76' lang='grc' dir='ltr'><em>τριταί]</em></span> <span class='ocrx_word' id='word_1_167' title='bbox 720 2217 811 2292; x_wconf 82' lang='grc' dir='ltr'><em>ῥεῦμα</em></span> <span class='ocrx_word' id='word_1_168' title='bbox 824 2219 942 2288; x_wconf 83' lang='lat' dir='ltr'>Hesych.</span> <span class='ocrx_word' id='word_1_169' title='bbox 972 2219 1067 2287; x_wconf 88' lang='lat' dir='ltr'>Neque</span> <span class='ocrx_word' id='word_1_170' title='bbox 1084 2220 1166 2286; x_wconf 85' lang='lat' dir='ltr'>igitur</span> <span class='ocrx_word' id='word_1_171' title='bbox 1183 2227 1257 2274; x_wconf 90' lang='lat' dir='ltr'>recte</span> <span class='ocrx_word' id='word_1_172' title='bbox 1269 2215 1404 2274; x_wconf 80' lang='lat' dir='ltr'>‘Circum-</span> 
     </span>
     <span class='ocr_line' id='line_1_19' title="bbox 175 2297 1404 2377; baseline 0.001 -20"><span class='ocrx_word' id='word_1_173' title='bbox 175 2297 274 2358; x_wconf 82' lang='lat' dir='ltr'>fluam&#39;</span> <span class='ocrx_word' id='word_1_174' title='bbox 292 2304 496 2359; x_wconf 87' lang='lat' dir='ltr'>Schoemannus</span> <span class='ocrx_word' id='word_1_175' title='bbox 521 2304 602 2359; x_wconf 88' lang='lat' dir='ltr'>vertit</span> <span class='ocrx_word' id='word_1_176' title='bbox 615 2298 688 2372; x_wconf 84' lang='lat' dir='ltr'>‘Op’</span> <span class='ocrx_word' id='word_1_177' title='bbox 706 2305 733 2358; x_wconf 90' lang='grc' dir='ltr'>ΙΙ</span> <span class='ocrx_word' id='word_1_178' title='bbox 751 2309 903 2373; x_wconf 74' lang='lat' dir='ltr'>pleraq,</span> <span class='ocrx_word' id='word_1_179' title='bbox 922 2304 993 2372; x_wconf 86' lang='lat' dir='ltr'>quod</span> <span class='ocrx_word' id='word_1_180' title='bbox 1011 2310 1083 2358; x_wconf 89' lang='lat' dir='ltr'>esset</span> <span class='ocrx_word' id='word_1_181' title='bbox 1100 2306 1280 2377; x_wconf 81' lang='grc' dir='ltr'><em>περίρρυτος.</em></span> <span class='ocrx_word' id='word_1_182' title='bbox 1316 2305 1404 2373; x_wconf 78' lang='lat' dir='ltr'>Signi-</span> 
     </span>
     <span class='ocr_line' id='line_1_20' title="bbox 175 2382 1407 2462; baseline 0.001 -20"><span class='ocrx_word' id='word_1_183' title='bbox 175 2389 332 2445; x_wconf 82' lang='lat' dir='ltr'>fioau&#39;onem</span> <span class='ocrx_word' id='word_1_184' title='bbox 350 2389 465 2444; x_wconf 91' lang='lat' dir='ltr'>nominis</span> <span class='ocrx_word' id='word_1_185' title='bbox 484 2391 507 2443; x_wconf 92' lang='lat' dir='ltr'>si</span> <span class='ocrx_word' id='word_1_186' title='bbox 525 2393 642 2458; x_wconf 85' lang='lat' dir='ltr'>spectas,</span> <span class='ocrx_word' id='word_1_187' title='bbox 660 2389 727 2442; x_wconf 89' lang='lat' dir='ltr'>nihil</span> <span class='ocrx_word' id='word_1_188' title='bbox 744 2387 834 2442; x_wconf 85' lang='lat' dir='ltr'>differt</span> <span class='ocrx_word' id='word_1_189' title='bbox 854 2382 976 2462; x_wconf 80' lang='grc' dir='ltr'><em>Ἀμφιρώ</em></span> <span class='ocrx_word' id='word_1_190' title='bbox 996 2387 1133 2443; x_wconf 89' lang='lat' dir='ltr'>Ocsauina</span> <span class='ocrx_word' id='word_1_191' title='bbox 1144 2389 1264 2454; x_wconf 88' lang='lat' dir='ltr'>(Hesiod.</span> <span class='ocrx_word' id='word_1_192' title='bbox 1279 2383 1407 2458; x_wconf 64' lang='lat' dir='ltr'>‘Theop&#39;</span> 
     </span>
     <span class='ocr_line' id='line_1_21' title="bbox 175 2466 1406 2543; baseline 0 -16"><span class='ocrx_word' id='word_1_193' title='bbox 175 2491 199 2528; x_wconf 85' lang='lat' dir='ltr'>v.</span> <span class='ocrx_word' id='word_1_194' title='bbox 213 2478 283 2539; x_wconf 81' lang='lat'>360).</span> <span class='ocrx_word' id='word_1_195' title='bbox 308 2473 456 2528; x_wconf 88' lang='lat' dir='ltr'>Praeterea</span> <span class='ocrx_word' id='word_1_196' title='bbox 467 2466 614 2543; x_wconf 77' lang='grc' dir='ltr'><em>ἆμφίαλος</em></span> <span class='ocrx_word' id='word_1_197' title='bbox 627 2489 816 2543; x_wconf 85' lang='lat' dir='ltr'>comparamus</span> <span class='ocrx_word' id='word_1_198' title='bbox 826 2474 938 2527; x_wconf 86' lang='lat' dir='ltr'>Ithacae</span> <span class='ocrx_word' id='word_1_199' title='bbox 950 2473 1100 2542; x_wconf 89' lang='lat' dir='ltr'>epithetum</span> <span class='ocrx_word' id='word_1_200' title='bbox 1111 2473 1139 2527; x_wconf 95' lang='lat' dir='ltr'>in</span> <span class='ocrx_word' id='word_1_201' title='bbox 1152 2473 1274 2543; x_wconf 79' lang='lat' dir='ltr'>Odyssea</span> <span class='ocrx_word' id='word_1_202' title='bbox 1285 2474 1406 2529; x_wconf 89' lang='lat' dir='ltr'>solemne</span> 
     </span>
     <span class='ocr_line' id='line_1_22' title="bbox 172 2552 1406 2627; baseline 0.002 -14"><span class='ocrx_word' id='word_1_203' title='bbox 172 2552 320 2626; x_wconf 81' lang='lat' dir='ltr'>‘utrImqns</span> <span class='ocrx_word' id='word_1_204' title='bbox 331 2559 400 2612; x_wconf 87' lang='lat' dir='ltr'>mari</span> <span class='ocrx_word' id='word_1_205' title='bbox 413 2553 617 2624; x_wconf 83' lang='lat' dir='ltr'>circumfusue&#39;,</span> <span class='ocrx_word' id='word_1_206' title='bbox 632 2553 775 2612; x_wconf 84' lang='lat' dir='ltr'>‘bimarem</span> <span class='ocrx_word' id='word_1_207' title='bbox 788 2552 961 2614; x_wconf 77' lang='lat' dir='ltr'>Corinthum’</span> <span class='ocrx_word' id='word_1_208' title='bbox 974 2558 1089 2623; x_wconf 86' lang='lat' dir='ltr'>Horatii,</span> <span class='ocrx_word' id='word_1_209' title='bbox 1101 2552 1292 2627; x_wconf 72' lang='grc' dir='ltr'><em>«ἀμφιάλοισι</em></span> <span class='ocrx_word' id='word_1_210' title='bbox 1307 2563 1406 2616; x_wconf 87' lang='grc' dir='ltr'><em>Ποτει-</em></span> 
     </span>
     <span class='ocr_line' id='line_1_23' title="bbox 175 2636 1405 2715; baseline -0.002 -15"><span class='ocrx_word' id='word_1_211' title='bbox 175 2647 266 2710; x_wconf 72' lang='grc' dir='ltr'><em>δᾶνος</em></span> <span class='ocrx_word' id='word_1_212' title='bbox 283 2648 451 2712; x_wconf 79' lang='grc' dir='ltr'><em>τεθμοῖσιν»</em></span> <span class='ocrx_word' id='word_1_213' title='bbox 474 2643 587 2697; x_wconf 86' lang='lat' dir='ltr'>Piudari</span> <span class='ocrx_word' id='word_1_214' title='bbox 600 2637 665 2699; x_wconf 71' lang='lat'>‘013</span> <span class='ocrx_word' id='word_1_215' title='bbox 677 2643 745 2696; x_wconf 87' lang='lat' dir='ltr'><strong>XIII</strong></span> <span class='ocrx_word' id='word_1_216' title='bbox 769 2661 792 2696; x_wconf 87' lang='lat' dir='ltr'>v.</span> <span class='ocrx_word' id='word_1_217' title='bbox 808 2649 849 2706; x_wconf 76' lang='lat'>57,</span> <span class='ocrx_word' id='word_1_218' title='bbox 875 2636 1038 2715; x_wconf 70' lang='grc' dir='ltr'><em>Ἀμφίπολιν</em></span> <span class='ocrx_word' id='word_1_219' title='bbox 1061 2643 1184 2711; x_wconf 86' lang='lat' dir='ltr'>Thucyd.</span> <span class='ocrx_word' id='word_1_220' title='bbox 1197 2643 1235 2697; x_wconf 89' lang='lat' dir='ltr'>IV</span> <span class='ocrx_word' id='word_1_221' title='bbox 1255 2647 1318 2708; x_wconf 82' lang='lat'>102,</span> <span class='ocrx_word' id='word_1_222' title='bbox 1342 2643 1405 2698; x_wconf 82' lang='lat' dir='ltr'>alia.</span> 
     </span>
     <span class='ocr_line' id='line_1_24' title="bbox 176 2726 1406 2798; baseline 0.002 -18"><span class='ocrx_word' id='word_1_223' title='bbox 176 2729 208 2781; x_wconf 91' lang='lat' dir='ltr'>ln</span> <span class='ocrx_word' id='word_1_224' title='bbox 232 2727 339 2783; x_wconf 86' lang='lat' dir='ltr'>Isthmo</span> <span class='ocrx_word' id='word_1_225' title='bbox 357 2726 497 2782; x_wconf 82' lang='lat' dir='ltr'>Corinthio</span> <span class='ocrx_word' id='word_1_226' title='bbox 516 2728 595 2782; x_wconf 91' lang='lat' dir='ltr'>simul</span> <span class='ocrx_word' id='word_1_227' title='bbox 612 2745 674 2782; x_wconf 90' lang='lat' dir='ltr'>cunr</span> <span class='ocrx_word' id='word_1_228' title='bbox 691 2730 820 2798; x_wconf 91' lang='lat' dir='ltr'>Neptuno</span> <span class='ocrx_word' id='word_1_229' title='bbox 837 2728 885 2781; x_wconf 91' lang='lat' dir='ltr'>illa</span> <span class='ocrx_word' id='word_1_230' title='bbox 903 2728 954 2782; x_wconf 91' lang='lat' dir='ltr'>dea</span> <span class='ocrx_word' id='word_1_231' title='bbox 973 2729 1114 2782; x_wconf 88' lang='lat' dir='ltr'>colebatur</span> <span class='ocrx_word' id='word_1_232' title='bbox 1133 2729 1224 2792; x_wconf 83' lang='lat' dir='ltr'>(Paos.</span> <span class='ocrx_word' id='word_1_233' title='bbox 1243 2727 1271 2780; x_wconf 91' lang='grc' dir='ltr'><strong>Π</strong></span> <span class='ocrx_word' id='word_1_234' title='bbox 1285 2733 1308 2793; x_wconf 83' lang='grc'>1,</span> <span class='ocrx_word' id='word_1_235' title='bbox 1322 2733 1360 2797; x_wconf 72' lang='lat'>&#39;03</span> <span class='ocrx_word' id='word_1_236' title='bbox 1378 2728 1406 2782; x_wconf 93' lang='lat' dir='ltr'>in</span> 
     </span>
    </p>
   </div>
   <div class='ocr_carea' id='block_1_4' title="bbox 176 2889 1408 4413">
    <p class='ocr_par' dir='ltr' id='par_1_4' title="bbox 176 2889 1408 4413">
     <span class='ocr_line' id='line_1_25' title="bbox 177 2889 1406 2967; baseline -0.001 -16"><span class='ocrx_word' id='word_1_237' title='bbox 177 2889 372 2951; x_wconf 84' lang='lat' dir='ltr'>Dsnlrmaeler&#39;</span> <span class='ocrx_word' id='word_1_238' title='bbox 384 2898 398 2951; x_wconf 96' lang='grc' dir='ltr'>Ι</span> <span class='ocrx_word' id='word_1_239' title='bbox 409 2899 466 2954; x_wconf 87' lang='lat' dir='ltr'>tab.</span> <span class='ocrx_word' id='word_1_240' title='bbox 480 2903 565 2964; x_wconf 74' lang='grc'>7-8).</span> <span class='ocrx_word' id='word_1_241' title='bbox 594 2898 666 2953; x_wconf 92' lang='lat' dir='ltr'>Hinc</span> <span class='ocrx_word' id='word_1_242' title='bbox 683 2904 711 2953; x_wconf 92' lang='lat' dir='ltr'>st</span> <span class='ocrx_word' id='word_1_243' title='bbox 722 2898 848 2952; x_wconf 88' lang='lat' dir='ltr'>Rhodum</span> <span class='ocrx_word' id='word_1_244' title='bbox 868 2902 895 2952; x_wconf 88' lang='lat' dir='ltr'>et</span> <span class='ocrx_word' id='word_1_245' title='bbox 912 2897 1031 2952; x_wconf 90' lang='lat' dir='ltr'>Lesbum</span> <span class='ocrx_word' id='word_1_246' title='bbox 1049 2904 1076 2950; x_wconf 90' lang='lat' dir='ltr'>st</span> <span class='ocrx_word' id='word_1_247' title='bbox 1093 2898 1145 2952; x_wconf 90' lang='lat' dir='ltr'>alio</span> <span class='ocrx_word' id='word_1_248' title='bbox 1164 2899 1304 2967; x_wconf 87' lang='lat' dir='ltr'>perducta.</span> <span class='ocrx_word' id='word_1_249' title='bbox 1334 2897 1406 2952; x_wconf 91' lang='lat' dir='ltr'>Hinc</span> 
     </span>
     <span class='ocr_line' id='line_1_26' title="bbox 178 2982 1405 3052; baseline 0 -16"><span class='ocrx_word' id='word_1_250' title='bbox 178 2982 247 3037; x_wconf 88' lang='lat' dir='ltr'>Solis</span> <span class='ocrx_word' id='word_1_251' title='bbox 265 2997 372 3052; x_wconf 90' lang='lat' dir='ltr'>qnoque</span> <span class='ocrx_word' id='word_1_252' title='bbox 390 2987 418 3036; x_wconf 93' lang='lat' dir='ltr'>et</span> <span class='ocrx_word' id='word_1_253' title='bbox 429 2984 611 3052; x_wconf 84' lang='lat' dir='ltr'>Amphitrites</span> <span class='ocrx_word' id='word_1_254' title='bbox 624 2983 777 3050; x_wconf 83' lang='lat' dir='ltr'>coniugium</span> <span class='ocrx_word' id='word_1_255' title='bbox 790 2983 909 3052; x_wconf 87' lang='lat' dir='ltr'>perbene</span> <span class='ocrx_word' id='word_1_256' title='bbox 926 2989 1018 3051; x_wconf 91' lang='lat' dir='ltr'>potest</span> <span class='ocrx_word' id='word_1_257' title='bbox 1029 2985 1114 3051; x_wconf 88' lang='lat' dir='ltr'>repeti</span> <span class='ocrx_word' id='word_1_258' title='bbox 1133 2983 1227 3046; x_wconf 91' lang='lat' dir='ltr'>(schol.</span> <span class='ocrx_word' id='word_1_259' title='bbox 1240 2983 1317 3037; x_wconf 89' lang='lat' dir='ltr'>Pind.</span> <span class='ocrx_word' id='word_1_260' title='bbox 1331 2982 1349 3036; x_wconf 95' lang='lat' dir='ltr'>l.</span> <span class='ocrx_word' id='word_1_261' title='bbox 1363 2987 1405 3047; x_wconf 85' lang='lat' dir='ltr'>c),</span> 
     </span>
     <span class='ocr_line' id='line_1_27' title="bbox 178 3067 1407 3139; baseline -0.002 -17"><span class='ocrx_word' id='word_1_262' title='bbox 178 3067 294 3123; x_wconf 90' lang='lat' dir='ltr'>indidem</span> <span class='ocrx_word' id='word_1_263' title='bbox 305 3068 405 3122; x_wconf 82' lang='lat' dir='ltr'>artium</span> <span class='ocrx_word' id='word_1_264' title='bbox 417 3069 623 3139; x_wconf 83' lang='lat' dir='ltr'>litterarumque</span> <span class='ocrx_word' id='word_1_265' title='bbox 634 3067 764 3122; x_wconf 90' lang='lat' dir='ltr'>memoria</span> <span class='ocrx_word' id='word_1_266' title='bbox 781 3069 890 3128; x_wconf 76' lang='lat' dir='ltr'>(errauit</span> <span class='ocrx_word' id='word_1_267' title='bbox 902 3068 1107 3122; x_wconf 87' lang='lat' dir='ltr'>Schosmennus</span> <span class='ocrx_word' id='word_1_268' title='bbox 1119 3084 1146 3136; x_wconf 93' lang='lat' dir='ltr'>p.</span> <span class='ocrx_word' id='word_1_269' title='bbox 1162 3071 1209 3121; x_wconf 82' lang='grc'>168</span> <span class='ocrx_word' id='word_1_270' title='bbox 1222 3067 1256 3120; x_wconf 91' lang='lat' dir='ltr'>de</span> <span class='ocrx_word' id='word_1_271' title='bbox 1269 3067 1407 3135; x_wconf 86' lang='lat' dir='ltr'>Odysseae</span> 
     </span>
     <span class='ocr_line' id='line_1_28' title="bbox 178 3145 1406 3226; baseline -0.002 -19"><span class='ocrx_word' id='word_1_272' title='bbox 178 3168 229 3208; x_wconf 89' lang='lat' dir='ltr'>usu</span> <span class='ocrx_word' id='word_1_273' title='bbox 244 3145 421 3226; x_wconf 80' lang='grc' dir='ltr'><em>Ἀμφιτρίτης</em></span> <span class='ocrx_word' id='word_1_274' title='bbox 435 3155 631 3222; x_wconf 83' lang='lat' dir='ltr'>metonymico).</span> <span class='ocrx_word' id='word_1_275' title='bbox 659 3153 814 3207; x_wconf 86' lang='lat' dir='ltr'>Iudicemus</span> <span class='ocrx_word' id='word_1_276' title='bbox 826 3153 908 3220; x_wconf 85' lang='lat' dir='ltr'>igitur</span> <span class='ocrx_word' id='word_1_277' title='bbox 922 3145 1101 3225; x_wconf 87' lang='grc' dir='ltr'><em>Ἀμφιτρίτην</em></span> <span class='ocrx_word' id='word_1_278' title='bbox 1112 3152 1236 3219; x_wconf 89' lang='lat' dir='ltr'>primitus</span> <span class='ocrx_word' id='word_1_279' title='bbox 1249 3166 1283 3204; x_wconf 89' lang='lat' dir='ltr'>ac</span> <span class='ocrx_word' id='word_1_280' title='bbox 1295 3152 1406 3219; x_wconf 90' lang='lat' dir='ltr'>proprie</span> 
     </span>
     <span class='ocr_line' id='line_1_29' title="bbox 176 3229 1405 3307; baseline -0.001 -16"><span class='ocrx_word' id='word_1_281' title='bbox 176 3230 311 3291; x_wconf 70' lang='lat' dir='ltr'>‘beronici</span> <span class='ocrx_word' id='word_1_282' title='bbox 328 3242 356 3291; x_wconf 90' lang='lat' dir='ltr'>st</span> <span class='ocrx_word' id='word_1_283' title='bbox 380 3237 512 3293; x_wconf 81' lang='lat' dir='ltr'>Corinthii</span> <span class='ocrx_word' id='word_1_284' title='bbox 537 3229 633 3292; x_wconf 77' lang='lat' dir='ltr'>maris’</span> <span class='ocrx_word' id='word_1_285' title='bbox 657 3239 827 3307; x_wconf 89' lang='lat' dir='ltr'>potissimum</span> <span class='ocrx_word' id='word_1_286' title='bbox 849 3236 926 3291; x_wconf 89' lang='lat' dir='ltr'>deam</span> <span class='ocrx_word' id='word_1_287' title='bbox 951 3238 1044 3291; x_wconf 81' lang='lat' dir='ltr'>tuisse.</span> <span class='ocrx_word' id='word_1_288' title='bbox 1080 3237 1149 3290; x_wconf 86' lang='lat' dir='ltr'>Erat</span> <span class='ocrx_word' id='word_1_289' title='bbox 1172 3252 1235 3291; x_wconf 87' lang='lat' dir='ltr'>vero</span> <span class='ocrx_word' id='word_1_290' title='bbox 1257 3237 1405 3305; x_wconf 89' lang='lat' dir='ltr'>intemplo</span> 
     </span>
     <span class='ocr_line' id='line_1_30' title="bbox 179 3314 1406 3394; baseline -0.001 -19"><span class='ocrx_word' id='word_1_291' title='bbox 179 3321 290 3376; x_wconf 87' lang='lat' dir='ltr'>Isthmio</span> <span class='ocrx_word' id='word_1_292' title='bbox 314 3322 392 3375; x_wconf 84' lang='lat' dir='ltr'>iuxta</span> <span class='ocrx_word' id='word_1_293' title='bbox 409 3322 601 3390; x_wconf 87' lang='lat' dir='ltr'>Amphitritam</span> <span class='ocrx_word' id='word_1_294' title='bbox 624 3318 756 3394; x_wconf 82' lang='grc' dir='ltr'><em>Γαλήνης</em></span> <span class='ocrx_word' id='word_1_295' title='bbox 779 3326 878 3376; x_wconf 88' lang='lat' dir='ltr'>statua.</span> <span class='ocrx_word' id='word_1_296' title='bbox 915 3322 984 3390; x_wconf 73' lang='lat' dir='ltr'>Quid</span> <span class='ocrx_word' id='word_1_297' title='bbox 1008 3321 1142 3376; x_wconf 91' lang='lat' dir='ltr'>Hesiodus</span> <span class='ocrx_word' id='word_1_298' title='bbox 1155 3314 1280 3388; x_wconf 61' lang='lat' dir='ltr'>‘Theop&#39;</span> <span class='ocrx_word' id='word_1_299' title='bbox 1297 3339 1322 3376; x_wconf 88' lang='lat' dir='ltr'>v.</span> <span class='ocrx_word' id='word_1_300' title='bbox 1336 3322 1406 3375; x_wconf 77' lang='lat'><strong>252?</strong></span> 
     </span>
     <span class='ocr_line' id='line_1_31' title="bbox 181 3399 1407 3481; baseline 0.002 -19"><span class='ocrx_word' id='word_1_301' title='bbox 181 3451 186 3462; x_wconf 90' lang='lat'>.</span> <span class='ocrx_word' id='word_1_302' title='bbox 205 3450 211 3462; x_wconf 94' lang='lat'>.</span> <span class='ocrx_word' id='word_1_303' title='bbox 230 3405 385 3478; x_wconf 81' lang='grc' dir='ltr'><em>Κυμοδόκη</em></span> <span class='ocrx_word' id='word_1_304' title='bbox 402 3399 446 3472; x_wconf 76' lang='grc' dir='ltr'>θ’,</span> <span class='ocrx_word' id='word_1_305' title='bbox 463 3400 481 3479; x_wconf 75' lang='grc' dir='ltr'><strong><em>ἢ</em></strong></span> <span class='ocrx_word' id='word_1_306' title='bbox 497 3402 604 3476; x_wconf 71' lang='grc' dir='ltr'><em>κύματ’</em></span> <span class='ocrx_word' id='word_1_307' title='bbox 622 3405 654 3464; x_wconf 83' lang='grc' dir='ltr'>ἐν</span> <span class='ocrx_word' id='word_1_308' title='bbox 670 3401 808 3479; x_wconf 82' lang='grc' dir='ltr'><em>ἠεροειδέι</em></span> <span class='ocrx_word' id='word_1_309' title='bbox 827 3403 925 3481; x_wconf 84' lang='grc' dir='ltr'><em>πόντῳ</em></span> <span class='ocrx_word' id='word_1_310' title='bbox 943 3402 1046 3472; x_wconf 78' lang='grc' dir='ltr'><em>πνοιάς</em></span> <span class='ocrx_word' id='word_1_311' title='bbox 1063 3426 1095 3463; x_wconf 88' lang='grc' dir='ltr'><em>τε</em></span> <span class='ocrx_word' id='word_1_312' title='bbox 1113 3406 1205 3474; x_wconf 82' lang='grc' dir='ltr'><em>ζαέων</em></span> <span class='ocrx_word' id='word_1_313' title='bbox 1222 3401 1337 3474; x_wconf 68' lang='lat' dir='ltr'>istaes</span> <span class='ocrx_word' id='word_1_314' title='bbox 1355 3401 1407 3464; x_wconf 78' lang='grc' dir='ltr'>σὺν</span> 
     </span>
     <span class='ocr_line' id='line_1_32' title="bbox 182 3484 1408 3567; baseline -0.003 -18"><span class='ocrx_word' id='word_1_315' title='bbox 182 3487 370 3563; x_wconf 74' lang='grc' dir='ltr'><em>Κυματολήγῃ</em></span> <span class='ocrx_word' id='word_1_316' title='bbox 388 3488 453 3563; x_wconf 82' lang='grc' dir='ltr'><em>ῥεῖα</em></span> <span class='ocrx_word' id='word_1_317' title='bbox 466 3486 584 3564; x_wconf 73' lang='grc' dir='ltr'><em>πρηΰνει</em></span> <span class='ocrx_word' id='word_1_318' title='bbox 601 3497 650 3548; x_wconf 84' lang='grc' dir='ltr'>καὶ</span> <span class='ocrx_word' id='word_1_319' title='bbox 661 3485 794 3567; x_wconf 77' lang='grc' dir='ltr'><em>ἐυσφύρῳ</em></span> <span class='ocrx_word' id='word_1_320' title='bbox 809 3484 977 3562; x_wconf 84' lang='grc' dir='ltr'><em>Ἀμφιτρίτη.</em></span> <span class='ocrx_word' id='word_1_321' title='bbox 1008 3492 1086 3545; x_wconf 90' lang='lat' dir='ltr'>Adde</span> <span class='ocrx_word' id='word_1_322' title='bbox 1098 3491 1169 3559; x_wconf 91' lang='lat' dir='ltr'>quod</span> <span class='ocrx_word' id='word_1_323' title='bbox 1182 3489 1268 3556; x_wconf 83' lang='lat' dir='ltr'>Trito,</span> <span class='ocrx_word' id='word_1_324' title='bbox 1286 3490 1408 3560; x_wconf 90' lang='lat' dir='ltr'>Neptuni</span> 
     </span>
     <span class='ocr_line' id='line_1_33' title="bbox 181 3569 1408 3646; baseline 0 -17"><span class='ocrx_word' id='word_1_325' title='bbox 181 3581 208 3629; x_wconf 90' lang='lat' dir='ltr'>st</span> <span class='ocrx_word' id='word_1_326' title='bbox 223 3575 405 3645; x_wconf 83' lang='lat' dir='ltr'>Amphitrites</span> <span class='ocrx_word' id='word_1_327' title='bbox 431 3577 504 3632; x_wconf 90' lang='lat' dir='ltr'>filius</span> <span class='ocrx_word' id='word_1_328' title='bbox 527 3578 600 3646; x_wconf 87' lang='lat' dir='ltr'>apud</span> <span class='ocrx_word' id='word_1_329' title='bbox 627 3578 775 3632; x_wconf 88' lang='lat' dir='ltr'>Hesiodum</span> <span class='ocrx_word' id='word_1_330' title='bbox 800 3569 932 3644; x_wconf 58' lang='lat' dir='ltr'>(Theog)</span> <span class='ocrx_word' id='word_1_331' title='bbox 958 3593 982 3631; x_wconf 84' lang='lat' dir='ltr'>v.</span> <span class='ocrx_word' id='word_1_332' title='bbox 996 3580 1070 3641; x_wconf 81' lang='lat'>930),</span> <span class='ocrx_word' id='word_1_333' title='bbox 1097 3576 1253 3630; x_wconf 90' lang='lat' dir='ltr'>Palaemoni</span> <span class='ocrx_word' id='word_1_334' title='bbox 1267 3569 1408 3631; x_wconf 77' lang='lat' dir='ltr'>‘luctatori</span> 
     </span>
     <span class='ocr_line' id='line_1_34' title="bbox 180 3655 1406 3728; baseline 0 -14"><span class='ocrx_word' id='word_1_335' title='bbox 180 3655 306 3726; x_wconf 86' lang='lat' dir='ltr'>marino’‚</span> <span class='ocrx_word' id='word_1_336' title='bbox 326 3675 406 3726; x_wconf 91' lang='lat' dir='ltr'>quem</span> <span class='ocrx_word' id='word_1_337' title='bbox 423 3661 487 3715; x_wconf 91' lang='lat' dir='ltr'>item</span> <span class='ocrx_word' id='word_1_338' title='bbox 504 3663 533 3714; x_wconf 94' lang='lat' dir='ltr'>in</span> <span class='ocrx_word' id='word_1_339' title='bbox 551 3662 653 3716; x_wconf 88' lang='lat' dir='ltr'>Isthmo</span> <span class='ocrx_word' id='word_1_340' title='bbox 667 3662 800 3716; x_wconf 79' lang='lat' dir='ltr'>Corinthii</span> <span class='ocrx_word' id='word_1_341' title='bbox 812 3661 1018 3725; x_wconf 85' lang='lat' dir='ltr'>venerabantur,</span> <span class='ocrx_word' id='word_1_342' title='bbox 1037 3663 1189 3728; x_wconf 86' lang='lat' dir='ltr'>respondet,</span> <span class='ocrx_word' id='word_1_343' title='bbox 1209 3660 1334 3728; x_wconf 90' lang='lat' dir='ltr'>quodque</span> <span class='ocrx_word' id='word_1_344' title='bbox 1352 3661 1406 3714; x_wconf 90' lang='lat' dir='ltr'>He-</span> 
     </span>
     <span class='ocr_line' id='line_1_35' title="bbox 182 3738 1406 3815; baseline 0 -16"><span class='ocrx_word' id='word_1_345' title='bbox 182 3745 275 3800; x_wconf 90' lang='lat' dir='ltr'>siodus</span> <span class='ocrx_word' id='word_1_346' title='bbox 293 3745 311 3800; x_wconf 86' lang='lat'>1.</span> <span class='ocrx_word' id='word_1_347' title='bbox 332 3758 356 3799; x_wconf 89' lang='lat' dir='ltr'>c.</span> <span class='ocrx_word' id='word_1_348' title='bbox 375 3745 517 3801; x_wconf 86' lang='lat' dir='ltr'>Tritonem</span> <span class='ocrx_word' id='word_1_349' title='bbox 534 3747 655 3801; x_wconf 86' lang='lat' dir='ltr'>narrauit</span> <span class='ocrx_word' id='word_1_350' title='bbox 668 3741 755 3815; x_wconf 89' lang='lat' dir='ltr'>‘apud</span> <span class='ocrx_word' id='word_1_351' title='bbox 773 3738 914 3814; x_wconf 88' lang='lat' dir='ltr'>parentss&#39;</span> <span class='ocrx_word' id='word_1_352' title='bbox 937 3747 1068 3799; x_wconf 88' lang='lat' dir='ltr'>habitare.</span> <span class='ocrx_word' id='word_1_353' title='bbox 1089 3776 1121 3784; x_wconf 92' lang='lat'>—</span> <span class='ocrx_word' id='word_1_354' title='bbox 1139 3746 1170 3798; x_wconf 93' lang='lat' dir='ltr'>ln</span> <span class='ocrx_word' id='word_1_355' title='bbox 1195 3745 1275 3799; x_wconf 83' lang='lat' dir='ltr'>slmili</span> <span class='ocrx_word' id='word_1_356' title='bbox 1299 3747 1406 3800; x_wconf 91' lang='lat' dir='ltr'>nomine</span> 
     </span>
     <span class='ocr_line' id='line_1_36' title="bbox 183 3827 1407 3901; baseline 0.001 -17"><span class='ocrx_word' id='word_1_357' title='bbox 183 3837 300 3884; x_wconf 85' lang='lat' dir='ltr'>erratum</span> <span class='ocrx_word' id='word_1_358' title='bbox 326 3831 483 3899; x_wconf 78' lang='lat' dir='ltr'>nuperrIme</span> <span class='ocrx_word' id='word_1_359' title='bbox 501 3846 560 3885; x_wconf 87' lang='lat' dir='ltr'>esse</span> <span class='ocrx_word' id='word_1_360' title='bbox 582 3831 712 3886; x_wconf 84' lang='lat' dir='ltr'>uidemus.</span> <span class='ocrx_word' id='word_1_361' title='bbox 745 3827 876 3901; x_wconf 73' lang='grc' dir='ltr'><em>Ἄμφιος,</em></span> <span class='ocrx_word' id='word_1_362' title='bbox 899 3831 946 3898; x_wconf 91' lang='lat' dir='ltr'>qui</span> <span class='ocrx_word' id='word_1_363' title='bbox 964 3829 1042 3884; x_wconf 92' lang='lat' dir='ltr'>modo</span> <span class='ocrx_word' id='word_1_364' title='bbox 1060 3831 1095 3884; x_wconf 89' lang='lat' dir='ltr'>ad</span> <span class='ocrx_word' id='word_1_365' title='bbox 1112 3830 1255 3884; x_wconf 86' lang='lat' dir='ltr'>Pereotam</span> <span class='ocrx_word' id='word_1_366' title='bbox 1274 3831 1407 3885; x_wconf 91' lang='lat' dir='ltr'>modoad</span> 
     </span>
     <span class='ocr_line' id='line_1_37' title="bbox 182 3907 1408 3985; baseline 0.002 -17"><span class='ocrx_word' id='word_1_367' title='bbox 182 3915 297 3970; x_wconf 84' lang='lat' dir='ltr'>Passum</span> <span class='ocrx_word' id='word_1_368' title='bbox 309 3916 418 3969; x_wconf 87' lang='lat' dir='ltr'>locatur</span> <span class='ocrx_word' id='word_1_369' title='bbox 434 3916 462 3968; x_wconf 91' lang='lat' dir='ltr'>in</span> <span class='ocrx_word' id='word_1_370' title='bbox 475 3915 569 3979; x_wconf 91' lang='lat' dir='ltr'>Iliade,</span> <span class='ocrx_word' id='word_1_371' title='bbox 586 3917 610 3970; x_wconf 91' lang='lat' dir='ltr'>is</span> <span class='ocrx_word' id='word_1_372' title='bbox 628 3920 671 3971; x_wconf 90' lang='lat' dir='ltr'>est</span> <span class='ocrx_word' id='word_1_373' title='bbox 683 3910 742 3983; x_wconf 82' lang='lat' dir='ltr'>‘qui</span> <span class='ocrx_word' id='word_1_374' title='bbox 759 3917 892 3985; x_wconf 87' lang='lat' dir='ltr'>utrimque</span> <span class='ocrx_word' id='word_1_375' title='bbox 910 3910 1048 3969; x_wconf 83' lang='lat' dir='ltr'>versatnr‘</span> <span class='ocrx_word' id='word_1_376' title='bbox 1066 3915 1281 3983; x_wconf 72' lang='lat' dir='ltr'>(Hellespontii),</span> <span class='ocrx_word' id='word_1_377' title='bbox 1300 3922 1329 3969; x_wconf 92' lang='lat' dir='ltr'>ut</span> <span class='ocrx_word' id='word_1_378' title='bbox 1349 3907 1408 3984; x_wconf 88' lang='grc' dir='ltr'><em>Ἀμ-</em></span> 
     </span>
     <span class='ocr_line' id='line_1_38' title="bbox 183 3993 1407 4072; baseline -0.004 -16"><span class='ocrx_word' id='word_1_379' title='bbox 183 4002 305 4071; x_wconf 84' lang='grc' dir='ltr'><em>φίνομος</em></span> <span class='ocrx_word' id='word_1_380' title='bbox 318 3993 378 4067; x_wconf 86' lang='lat' dir='ltr'>‘qui</span> <span class='ocrx_word' id='word_1_381' title='bbox 391 3999 527 4070; x_wconf 88' lang='lat' dir='ltr'>utrimque</span> <span class='ocrx_word' id='word_1_382' title='bbox 538 3996 672 4070; x_wconf 88' lang='lat' dir='ltr'>possidet’</span> <span class='ocrx_word' id='word_1_383' title='bbox 686 4002 731 4067; x_wconf 83' lang='lat' dir='ltr'>(cf.</span> <span class='ocrx_word' id='word_1_384' title='bbox 745 3996 923 4072; x_wconf 84' lang='grc' dir='ltr'><em>Πσνλννόμη,</em></span> <span class='ocrx_word' id='word_1_385' title='bbox 935 3993 1104 4072; x_wconf 77' lang='grc' dir='ltr'><em>Εὐρυνόμη).</em></span> <span class='ocrx_word' id='word_1_386' title='bbox 1134 4000 1289 4053; x_wconf 83' lang='lat' dir='ltr'>Exsultavit</span> <span class='ocrx_word' id='word_1_387' title='bbox 1303 4000 1407 4054; x_wconf 85' lang='lat' dir='ltr'>frustra</span> 
     </span>
     <span class='ocr_line' id='line_1_39' title="bbox 183 4078 1405 4154; baseline -0.002 -16"><span class='ocrx_word' id='word_1_388' title='bbox 183 4086 292 4140; x_wconf 87' lang='lat' dir='ltr'>lehius</span> <span class='ocrx_word' id='word_1_389' title='bbox 312 4083 517 4141; x_wconf 83' lang='lat' dir='ltr'>‘Thebanische</span> <span class='ocrx_word' id='word_1_390' title='bbox 540 4078 742 4140; x_wconf 86' lang='lat' dir='ltr'>Heldsnlisder&#39;</span> <span class='ocrx_word' id='word_1_391' title='bbox 760 4103 787 4154; x_wconf 93' lang='lat' dir='ltr'>p.</span> <span class='ocrx_word' id='word_1_392' title='bbox 802 4090 834 4139; x_wconf 83' lang='lat'>65</span> <span class='ocrx_word' id='word_1_393' title='bbox 852 4085 967 4140; x_wconf 91' lang='lat' dir='ltr'>Usensri</span> <span class='ocrx_word' id='word_1_394' title='bbox 991 4085 1107 4152; x_wconf 88' lang='lat' dir='ltr'>quodam</span> <span class='ocrx_word' id='word_1_395' title='bbox 1132 4091 1291 4138; x_wconf 92' lang='lat' dir='ltr'>commento.</span> <span class='ocrx_word' id='word_1_396' title='bbox 1334 4083 1405 4138; x_wconf 82' lang='lat' dir='ltr'>Con-</span> 
     </span>
     <span class='ocr_line' id='line_1_40' title="bbox 183 4163 1405 4240; baseline -0.003 -16"><span class='ocrx_word' id='word_1_397' title='bbox 183 4171 265 4225; x_wconf 92' lang='lat' dir='ltr'>simile</span> <span class='ocrx_word' id='word_1_398' title='bbox 290 4165 454 4240; x_wconf 84' lang='grc' dir='ltr'><em>Ἀγχίμολος</em></span> <span class='ocrx_word' id='word_1_399' title='bbox 472 4164 530 4239; x_wconf 85' lang='lat' dir='ltr'>‘qui</span> <span class='ocrx_word' id='word_1_400' title='bbox 553 4172 581 4224; x_wconf 93' lang='lat' dir='ltr'>in</span> <span class='ocrx_word' id='word_1_401' title='bbox 608 4170 705 4224; x_wconf 85' lang='lat' dir='ltr'>vicinia</span> <span class='ocrx_word' id='word_1_402' title='bbox 729 4163 845 4223; x_wconf 91' lang='lat' dir='ltr'>habitat’</span> <span class='ocrx_word' id='word_1_403' title='bbox 869 4166 1009 4240; x_wconf 79' lang='grc' dir='ltr'><em>(Ἀγχιμσς</em></span> <span class='ocrx_word' id='word_1_404' title='bbox 1032 4169 1117 4222; x_wconf 76' lang='lat' dir='ltr'>Uliuis</span> <span class='ocrx_word' id='word_1_405' title='bbox 1145 4183 1234 4222; x_wconf 87' lang='lat' dir='ltr'>eomss</span> <span class='ocrx_word' id='word_1_406' title='bbox 1259 4167 1405 4236; x_wconf 83' lang='lat' dir='ltr'>Pherecyd.</span> 
     </span>
     <span class='ocr_line' id='line_1_41' title="bbox 184 4244 1407 4327; baseline -0.003 -19"><span class='ocrx_word' id='word_1_407' title='bbox 184 4257 265 4310; x_wconf 86' lang='lat' dir='ltr'>schol.</span> <span class='ocrx_word' id='word_1_408' title='bbox 280 4247 355 4309; x_wconf 85' lang='lat' dir='ltr'>‘Od’</span> <span class='ocrx_word' id='word_1_409' title='bbox 372 4254 425 4307; x_wconf 88' lang='lat' dir='ltr'>XII</span> <span class='ocrx_word' id='word_1_410' title='bbox 443 4272 467 4310; x_wconf 82' lang='lat' dir='ltr'>v.</span> <span class='ocrx_word' id='word_1_411' title='bbox 482 4260 556 4320; x_wconf 74' lang='lat'>257),</span> <span class='ocrx_word' id='word_1_412' title='bbox 585 4251 691 4327; x_wconf 75' lang='grc' dir='ltr'><em>Ἀγχιος</em></span> <span class='ocrx_word' id='word_1_413' title='bbox 716 4256 868 4311; x_wconf 83' lang='lat' dir='ltr'>Centaurus</span> <span class='ocrx_word' id='word_1_414' title='bbox 891 4254 918 4307; x_wconf 93' lang='lat' dir='ltr'>in</span> <span class='ocrx_word' id='word_1_415' title='bbox 942 4253 1045 4307; x_wconf 91' lang='lat' dir='ltr'>Pholoa</span> <span class='ocrx_word' id='word_1_416' title='bbox 1069 4261 1159 4307; x_wconf 88' lang='lat' dir='ltr'>monte</span> <span class='ocrx_word' id='word_1_417' title='bbox 1183 4254 1247 4306; x_wconf 85' lang='lat' dir='ltr'>ttem</span> <span class='ocrx_word' id='word_1_418' title='bbox 1266 4244 1407 4306; x_wconf 80' lang='lat' dir='ltr'>‘vicinus&#39;.</span> 
     </span>
     <span class='ocr_line' id='line_1_42' title="bbox 184 4333 854 4413; baseline -0.003 -18"><span class='ocrx_word' id='word_1_419' title='bbox 184 4339 254 4396; x_wconf 81' lang='lat' dir='ltr'>Nule</span> <span class='ocrx_word' id='word_1_420' title='bbox 272 4338 394 4394; x_wconf 88' lang='lat' dir='ltr'>Roscher</span> <span class='ocrx_word' id='word_1_421' title='bbox 406 4333 496 4394; x_wconf 71' lang='lat' dir='ltr'>‘Len&#39;</span> <span class='ocrx_word' id='word_1_422' title='bbox 515 4356 536 4395; x_wconf 91' lang='lat' dir='ltr'>s.</span> <span class='ocrx_word' id='word_1_423' title='bbox 551 4357 574 4394; x_wconf 86' lang='lat' dir='ltr'>v.</span> <span class='ocrx_word' id='word_1_424' title='bbox 592 4340 715 4394; x_wconf 90' lang='lat' dir='ltr'>mutabat</span> <span class='ocrx_word' id='word_1_425' title='bbox 735 4336 854 4413; x_wconf 83' lang='grc' dir='ltr'><em>Ἀρκτσς.</em></span> 
     </span>
    </p>
   </div>
   <div class='ocr_carea' id='block_1_5' title="bbox 0 0 1607 5160">
    <p class='ocr_par' dir='ltr' id='par_1_5' title="bbox 0 0 1607 5160">
     <span class='ocr_line' id='line_1_43' title="bbox 0 0 1607 5160; baseline 0 0"><span class='ocrx_word' id='word_1_426' title='bbox 0 0 1607 5160; x_wconf 95' lang='lat' dir='ltr'> </span> 
     </span>
    </p>
   </div>
  </div>
 </body>
</html>
