3174 5160
169 369 231 424 VII.
253 369 393 424 EUDOXI
411 369 527 424 GNIDII
545 369 779 423 FRAGMENTA
796 371 847 423 EX
866 370 1074 425 HIPPARCHO
1094 370 1297 426 CONLECTA.
1336 370 1398 427 289

256 543 347 608 Haec
376 543 484 609 omnia
514 543 541 608 si
571 542 676 608 solida
706 543 849 607 criticam
879 544 1051 608 exercendi
1081 544 1203 608 ratione
1230 543 1399 610 enucleata

169 652 260 724 sunt,
290 645 579 727 circumspicienda
601 665 699 710 causa
726 652 789 728 est,
819 666 883 727 qua
906 648 1022 710 Aratus
1045 652 1080 709 ut
1103 644 1250 710 Cnidiam
1273 666 1312 711 ac
1334 665 1397 710 non

171 745 366 829 Cyzicenam
389 746 516 812 Eudoxi
545 746 720 812 editionem
749 752 936 829 sequeretur
964 756 1140 813 commotus
1169 748 1219 813 sit.
1263 747 1335 812 lure
1364 747 1399 810 id

168 847 413 929 damnaremur,
437 849 547 914 Pellae
570 850 597 913 si
620 849 801 932 scripsisset
821 850 852 913 in
868 850 946 914 urbe
962 850 1021 914 sub
1037 849 1152 914 eadem
1167 848 1399 932 propemodum

168 946 343 1014 altitudine
375 950 481 1032 polari
511 969 575 1032 qua
603 950 831 1033 Hellespontus
861 951 938 1032 sita3
972 953 1000 1016 si
1032 971 1109 1017 vero
1143 971 1201 1034 per
1229 949 1398 1015 Graeciam

169 1051 301 1134 scripsit
323 1052 453 1133 alicubi,
481 1053 569 1117 nulla
591 1053 655 1117 ianr
676 1054 789 1117 relicta
812 1054 949 1118 miratio.
994 1056 1042 1119 Ac
1065 1054 1148 1119 dixit
1170 1053 1252 1117 illud
1273 1052 1400 1117 Attalus

168 1153 206 1216 fr.
230 1155 268 1216 21
294 1173 325 1235 p.
345 1153 437 1218 XVI:
476 1149 532 1218 διά
566 1152 603 1217 δὲ
634 1151 753 1217 τούτου
788 1152 932 1239 φανερόν
967 1167 1074 1234 ποιεῖ,
1111 1153 1199 1219 όιότι
1232 1150 1291 1240 τὴν
1320 1144 1400 1239 όλην

170 1258 404 1338 πραγματείαν
428 1252 462 1319 ἐν
484 1267 556 1331 τοῖς
578 1257 655 1338 περὶ
678 1253 738 1340 την
764 1249 904 1319 Ἑλλάδα
932 1254 1053 1331 τόποις
1079 1261 1281 1342 πεποίηται·
1315 1249 1397 1339 παρ’

171 1353 311 1429 ’ἐκείνοις
332 1353 394 1439 γάρ
417 1353 508 1421 ἐστιν
530 1351 548 1440 ἡ
573 1355 763 1442 μακροτάτη
787 1352 894 1444 ἡμέρα
920 1357 1007 1441 πρός
1037 1356 1096 1442 τὴν
1125 1354 1325 1443 μικροτάτην
1355 1351 1401 1431 ὡς

170 1454 214 1520 τὰ
238 1454 268 1520 ε’
284 1453 372 1543 πρὸς
386 1455 428 1521 τὰ
443 1456 489 1540 γ’.
528 1461 577 1524 Ex
600 1480 664 1543 quo
688 1481 760 1525 cum
783 1467 890 1525 cetera
912 1467 978 1526 tum
994 1461 1056 1526 hoc
1072 1461 1170 1525 Attali
1186 1462 1400 1542 fragmentum

170 1562 395 1642 cognovimus,
430 1561 471 1626 de
494 1562 605 1627 Aratei
634 1563 783 1627 carminis
813 1563 937 1644 origine
960 1583 998 1627 ac
1020 1565 1125 1646 patria
1146 1583 1167 1627 a
1190 1563 1315 1644 vulgari
1338 1569 1400 1626 tra·

171 1663 295 1728 ditione
318 1663 550 1729 discedendum
580 1683 651 1729 esse
680 1663 812 1728 firmiter
842 1665 934 1730 nobis
957 1665 1184 1748 persuasimus.
1230 1663 1400 1746 Reliquiae

170 1765 320 1830 Attaleae
351 1766 427 1830 olim
455 1785 475 1828 a
503 1765 595 1830 nobis
625 1766 791 1831 conlectae
821 1767 873 1830 vel
907 1786 946 1830 ea
975 1766 1016 1831 de
1045 1786 1142 1831 causa
1170 1766 1288 1848 dignae
1317 1785 1400 1847 quae

171 1873 429 1948 percenseantur.
475 1867 567 1930 Dixit
589 1867 674 1932 idem
698 1866 902 1950 Hipparchus
926 1868 945 1930 l.
970 1888 1007 1948 α,
1031 1875 1065 1931 ut
1088 1867 1237 1932 disertius
1259 1886 1322 1931 non
1344 1886 1398 1949 po·

171 1969 282 2050 tuerit3
306 1969 566 2037 innuitfortasse
589 1968 713 2032 duabus
737 1970 858 2052 eclogis
882 1969 978 2033 etiam
994 1968 1187 2034 Posidonius
1205 1968 1292 2050 apud
1309 1967 1399 2033 Cleo-

171 2070 299 2136 medem
322 2072 343 2135 l.
367 2072 429 2146 c.¹²)
453 2070 516 2139 (καὶ
542 2057 582 2131 άν
604 2071 723 2133 τοῦτον
745 2066 803 2132 τόν
824 2067 953 2152 τρόπον
984 2062 1052 2133 άπὸ
1076 2073 1286 2155 μεσημβρίας
1314 2068 1400 2155 πρός

170 2166 292 2255 άρκτον
315 2169 375 2236 ἰών
399 2170 446 2248 εἰς
469 2169 506 2236 τό
527 2166 711 2258 Ἑλληνικόν
733 2173 791 2258 της
813 2175 871 2258 γης
895 2166 1055 2258 άφίκηται
1075 2171 1185 2251 κλῑμα,
1210 2169 1295 2254 πρὸς
1310 2168 1328 2235 ὃ
1345 2173 1398 2234 καὶ

170 2270 213 2336 τά
239 2272 434 2355 Φαινόμενα
461 2275 510 2357 τηῖ
537 2267 668 2357 Άράτηι
697 2279 899 2360 πεποίηται,
930 2272 1100 2360 ἐφάψεται
1132 2265 1222 2356 αὐτῷ
1247 2276 1306 2337 τοῦ
1328 2268 1400 2356 όρί·

170 2374 284 2453 ζοντος
298 2371 318 2462 ἦ
334 2377 393 2439 τοῦ
408 2375 599 2462 Δράκοντος
613 2373 740 2461 κεφαλὴ
764 2378 819 2439 καὶ
843 2376 875 2440 οἱ
898 2378 957 2463 τῆς
975 2374 1101 2460 Ἑλίκης
1123 2373 1238 2452 πόόες)
1263 2383 1296 2441 et
1313 2376 1399 2459 apud

170 2478 342 2543 Geminum
358 2498 389 2561 p.
406 2481 444 2542 16
460 2478 485 2544 O
501 2479 585 2544 Pet:
608 2478 664 2540 καὶ
687 2481 792 2556 πέρας
816 2475 887 2543 ἐστὶ
908 2476 1000 2561 χιάρα
1022 2501 1073 2552 τις
1090 2475 1176 2563 πρός
1191 2481 1401 2563 μεσημβρίαν

169 2577 249 2665 ἡμῖν
271 2583 418 2665 κειμένη,
449 2579 484 2643 έν
507 2572 528 2664 ᾗ
553 2578 778 2661 όιχοτομεῖται
806 2573 823 2642 ό
854 2576 991 2662 θερινός
1013 2576 1174 2662 τροπικός
1195 2577 1310 2654 κόκίος
1333 2573 1399 2643 όπό

169 2683 229 2745 τοῦ
245 2675 423 2765 ὁρίζοντος.
455 2679 604 2746 ἐνταῦθα
627 2679 663 2743 δέ
685 2684 840 2762 τέμνεται
863 2679 977 2759 οὕτως,
1002 2678 1087 2744 ιόοτε
1109 2682 1168 2743 τοῦ
1190 2679 1268 2744 όλοο
1285 2678 1401 2744 κύκλου

172 2783 406 2864 διαιρουμένου
430 2781 478 2859 εἷς
500 2781 529 2869 η’
553 2786 634 2866 μέρη
653 2787 752 2847 πέντε
774 2782 833 2864 μὲν
853 2781 1009 2867 τμήματα
1024 2777 1109 2865 ὑπὲρ
1125 2785 1183 2866 γῆν
1200 2774 1401 2864 ἀπολαμβά-

169 2889 309 2964 νεσθαι,
338 2890 416 2968 τρία
446 2884 482 2948 δὲ
512 2880 579 2948 όπό
610 2886 679 2968 μην.
711 2881 797 2967 πρὸς
821 2883 856 2947 δὲ
879 2885 976 2947 τοῦτο
999 2882 1036 2947 τό
1061 2885 1162 2964 κλῑμα
1192 2883 1281 2948 όοκεῑ
1303 2885 1357 2948 καὶ
1381 2879 1398 2948 ό

173 2981 312 3072 Ἄρατος
334 2990 565 3067 συντεταχέναι
588 2983 647 3071 τὴν
669 2988 735 3049 τῶν
753 2990 969 3068 Φαινομένων
985 2988 1216 3068 πραγματείαν
1239 2977 1314 3047 aad?
1353 2985 1400 3049 Of.

171 3111 242 3173 cap.
259 3090 291 3155 ΙΙ
313 3111 344 3174 p.
361 3094 413 3156 94.
436 3091 463 3154 Ε
486 3090 693 3172 sequentibus
716 3090 948 3156 consectarium
972 3089 1066 3152 istum
1089 3087 1204 3168 locum,
1228 3089 1279 3151 cni
1302 3086 1399 3169 adap-

171 3194 291 3260 tavissc
312 3182 566 3257 tPhaenomena’
593 3191 785 3256 Posidonius
808 3193 940 3255 Aratum
962 3187 1279 3272 iudicabatpRhodo
1301 3186 1401 3252 fuisse

172 3294 393 3361 borealiorem.
433 3292 581 3375 Denique
605 3294 741 3359 eandem
764 3312 831 3357 rem
854 3291 907 3356 vel
935 3291 1054 3356 invitus
1082 3290 1283 3354 confirmavit
1304 3289 1400 3353 inter·

170 3417 245 3481 pres
268 3396 375 3478 Arati,
403 3415 474 3461 cnm
504 3395 677 3479 adsumpta
703 3391 957 3478 epistolographi
980 3392 1093 3457 fraude
1116 3412 1232 3456 novam
1255 3390 1313 3456 sed
1336 3390 1400 3454 dis·

173 3505 357 3582 crepantem
379 3498 413 3562 in
436 3517 471 3562 se
494 3499 598 3580 ipsam
628 3496 770 3562 efficeret
797 3487 1067 3559 narratiunculam
1090 3513 1108 3556 e
1131 3493 1232 3557 tribus
1254 3492 1401 3574 reliquiis

172 3603 264 3668 nobis
286 3598 508 3666 reficiendam:

173 3737 334 3803 Hypothese
357 3737 393 3784 ist
408 3734 530 3800 frez'lich
554 3734 604 3781 der
630 3733 767 3780 Umstand
784 3734 862 3780 nicht
874 3733 1008 3794 gdnsQ,
1034 3734 1145 3778 dasser
1164 3732 1263 3778 indm
1281 3731 1402 3778 Phaeno-

172 3825 256 3871 menis
273 3821 319 3880 l‘?l‚
338 3823 387 3869 wie
406 3819 558 3882 Happarch
578 3819 703 3876 bmerkt,
717 3817 800 3879 janes
818 3815 993 3863 Verkd'ltniss
1011 3816 1100 3862 durclr
1124 3827 1151 3862 12
1163 3827 1194 3877 :7
1214 3817 1404 3877 ausgedrr'ickt

172 3908 265 3963 hatte,·
284 3908 355 3955 denn
368 3906 483 3953 hieraus
498 3904 594 3952 warde
609 3918 668 3965 gar
686 3901 878 3949 er'nePolhd‘lze
896 3916 948 3947 von
966 3898 1012 3961 42⁰
1033 3897 1071 3962 15¹
1085 3898 1199 3964 fulgen.
1231 3895 1315 3948 Recte
1333 3896 1400 3950 haec

172 3987 473 4043 refutavitLetronnius
492 4003 518 4054 p.
535 3988 564 4039 19
578 3984 671 4038 eadem
689 3984 722 4036 dc
740 3999 823 4036 cansa
841 3996 895 4049 qua
912 3982 965 4035 sibi
982 3982 1041 4048 ipsc
1054 3980 1153 4032 diffidit
1165 3979 1292 4033 ldelerus.
1323 3979 1401 4046 Quod

174 4088 235 4126 vero
252 4072 322 4126 idem
341 4073 417 4126 addit
428 4070 625 4138 Francogallus
644 4074 667 4119 il
684 4077 724 4118 est
743 4073 811 4118 donc
829 4084 924 4117 encore
933 4071 1001 4130 plus
1018 4068 1068 4116 scir
1087 4070 1119 4115 de
1138 4066 1241 4128 rejeter
1259 4072 1344 4114 toutes
1360 4083 1402 4114 ses

174 4161 335 4224 drffdrences
351 4176 402 4209 sur
420 4163 541 4207 l'erreur
560 4160 607 4204 des
625 4157 816 4212 observatione,
836 4151 911 4203 nihili
929 4156 979 4204 est.

261 4243 292 4308 ¹²)
310 4243 404 4296 Tertia
416 4241 488 4310 apud
501 4240 662 4293 Strabonem
674 4244 764 4291 exstat
781 4238 799 4289 l.
812 4253 838 4303 p.
856 4240 904 4289 194
924 4251 945 4288 c.
978 4234 1031 4287 Res
1049 4236 1076 4286 in
1090 4233 1236 4286 Posidonio
1255 4248 1309 4286 non
1328 4236 1403 4286 certa

176 4326 210 4380 ob
227 4342 268 4389 ca,
286 4341 356 4394 quae
377 4328 414 4381 M.
428 4326 458 4381 O.
472 4325 502 4379 P.
517 4324 639 4380 Schmidt
656 4323 672 4376 l.
687 4338 710 4376 c.
729 4322 863 4376 disseruit.

221 4411 330 4464 Philolog.
343 4411 544 4463 Untersuchnngsn
556 4409 609 4451 ΧΠ.
1219 4405 1249 4454 19
