3174 5160
443 364 478 419 ii.
498 363 548 418 DE
567 363 682 417 ARATI
701 362 834 418 COD10E
853 362 1095 417 HIPPARGHEO.
1350 362 1388 421 77

242 541 271 603 2.
294 538 311 601 Ι
332 557 363 620 p.
381 536 481 603 2010
510 527 529 600 ἀ
550 559 587 620 γε
615 532 679 621 μὴν
699 529 852 616 Ἡνίοχος
875 528 950 600 οὐδὲ
981 533 1047 616 ἔχει
1075 533 1132 601 ἐπὶ
1155 539 1221 600 τιῦν
1242 536 1390 620 γονάτων

154 630 310 722 ἀστέρας,
356 637 386 703 εἰ
409 637 444 703 δὲ
467 640 533 703 τῶν
555 640 681 723 μικρῶν
703 661 797 714 τινας
820 631 989 723 ἀμαυρούς
1010 641 1158 724 τίθησιν,
1184 630 1295 722 ἀγνοεῖ
1318 692 1326 707 .
1351 692 1358 707 .
1383 690 1390 704 .

95 750 125 800 15
155 732 234 805 οὐδὲ
249 738 314 825 μὴν
329 732 420 805 τοῦτ’
441 739 531 806 ἔστιν
546 737 664 819 εἰπεῖν,
688 730 743 804 ὅτι
758 737 835 815 τοὺς
850 734 914 826 ὑφ’
929 734 1022 825 ἡμιῦν
1039 739 1234 823 λεγομένους
1250 734 1392 826 ἀστέρας

154 838 215 906 ἐπὶ
244 843 311 905 τῶν
334 841 450 906 ποδῶν
480 839 602 919 ἐκεῖνος
631 839 691 907 ἐπὶ
719 844 785 905 τῶν
814 840 963 926 γονάτων
985 846 1140 929 τίθησιν·
1171 840 1189 908 ὃ
1212 840 1275 929 γὰρ
1297 839 1392 932 ἡμεῖς

155 966 269 1028 φαμεν
303 938 391 1009 εἶναι
420 940 477 1008 int
511 945 570 1008 τοῦ
604 942 713 1020 δεξιοῦ
743 941 865 1022 ποδός,
899 936 1048 1020 κάκεῖνος
1077 945 1163 1028 λέγει
1195 942 1228 1009 ἒν
1261 944 1393 1024 τούτοις

155 1049 199 1122 (v.
222 1049 416 1125 ιτα-υτον

723 1146 820 1212 λαιοῦ
847 1145 883 1211 δὲ
905 1145 1065 1230 κεράατος
1088 1143 1187 1235 ἀκρον

98 1259 130 1308 10
363 1250 418 1313 καὶ
443 1247 534 1314 πόδα
561 1245 726 1333 δεξιτερὸν
752 1253 997 1332 παρακειμένου
1019 1245 1187 1331 Ἡνιόχοιο

364 1348 412 1425 εἷς
434 1344 539 1436 ἀστὴρ
563 1349 684 1432 ἐπέχει.

153 1447 232 1535 ἑξῆς
256 1449 293 1514 δέ
316 1474 419 1538 φησιν
441 1453 486 1536 (v.
503 1459 700 1531 Ass-Asty

364 1552 441 1641 λαιὴ
467 1555 502 1620 δὲ
524 1554 628 1641 κνήμη
651 1557 707 1621 καί
731 1548 906 1638 ἀριστερὸς
928 1538 1019 1637 ὦμος
1042 1547 1099 1618 ἐπ’
1128 1547 1228 1620 αὐτοῦ
1312 1573 1313 1576 ’

364 1661 533 1741 Περσέως.

98 1774 130 1821 15
156 1752 247 1821 πολὺ
273 1755 387 1823 δὲκαὶ
410 1756 444 1823 έν
466 1758 599 1837 τούτοις
622 1751 880 1846 ἀποσφάλλεται
902 1761 960 1845 της
983 1750 1157 1846 ἀληθείας,

247 1911 280 1961 13
297 1927 331 1979 γε
349 1909 461 1976 scripsi:
480 1929 511 1966 τε
529 1910 579 1965 LV
590 1912 599 1980 ti
624 1915 655 1963 15
674 1914 760 1967 τοῦτο
779 1909 802 1962 L
824 1912 833 1977 ΙΙ
858 1914 887 1963 11
905 1901 1050 1975 κάκείνοις
1068 1910 1115 1978 Vi
1138 1914 1170 1964 22
1188 1913 1258 1982 φησί
1276 1910 1308 1966 V.

246 2063 327 2130 (ium
350 2066 433 2130 inter
448 2086 483 2132 se
504 2072 648 2149 pugnent
663 2087 693 2130 v.
713 2070 772 2129 175
789 2065 916 2131 codices
940 2066 1046 2147 operis
1061 2065 1259 2148 Hipparchei
1275 2067 1394 2149 scripta

155 2166 268 2248 priore
301 2167 373 2233 loco
403 2171 675 2248 «παρακείμενον»
705 2169 809 2233 forma
843 2172 878 2230 ut
906 2166 1103 2249 Marcianus,
1138 2168 1239 2233 altero
1273 2191 1393 2250 «παρα

155 2271 326 2349 κειμένου»
348 2269 524 2335 videndum
548 2275 610 2351 est,
634 2274 705 2334 utra
727 2274 946 2351 anteponatur.
991 2270 1040 2335 Ac
1068 2268 1221 2336 discimus
1245 2289 1286 2336 ex
1313 2271 1394 2336 caeti

157 2371 273 2436 tabula
295 2371 416 2436 Aratea
445 2371 593 2437 dextrum
619 2371 762 2453 Aurigae
789 2370 906 2452 pedem
934 2390 998 2436 non
1019 2364 1123 2436 ‘iuxta
1151 2364 1259 2438 situm'
1286 2374 1395 2438 cornui

157 2474 261 2538 Tauri
290 2472 347 2538 sed
371 2492 571 2539 communem
594 2492 674 2540 esse.
720 2472 761 2537 Et
787 2472 833 2537 ita
855 2472 1008 2538 Eudoxus
1038 2493 1163 2556 quoque
1188 2475 1394 2557 existimavit,

159 2575 254 2640 Arati
276 2580 395 2641 auctor.
437 2575 575 2642 Abiecta
597 2575 694 2658 igitur
716 2576 872 2657 scriptura
895 2581 1166 2657 «παρακείμενον»
1190 2577 1275 2658 quod
1298 2597 1395 2643 unum

158 2681 309 2759 superest
331 2679 591 2760 «παρακειμένου
611 2670 796 2757 Ἡνιόχοιο»
822 2676 1054 2761 amplectimur,
1086 2679 1236 2759 quoniam
1260 2686 1397 2761 excepta

159 2778 258 2843 stella
286 2778 344 2843 illa
373 2780 533 2845 communi
556 2799 670 2862 reapse
699 2780 791 2844 iuxta
819 2799 917 2844 cornu
941 2779 1038 2843 Tauri
1062 2780 1184 2862 Auriga
1212 2782 1395 2863 porrigitur.

160 2880 308 2946 Praeivit
330 2882 362 2945 in
386 2881 553 2965 sequenda
575 2881 637 2948 hac
659 2881 819 2947 sententia
840 2881 977 2946 Ioannes
994 2881 1150 2948 chricus
1167 2882 1309 2966 Vossius,
1332 2882 1396 2949 tide

161 2991 272 3049 tamen
294 2989 555 3066 argumentorum
575 2989 664 3050 certa
678 2982 857 3064 deficiente,
880 2982 1016 3064 tulitque
1031 2984 1238 3050 Immanueiis
1254 2984 1397 3050 Bekkeri

160 3104 341 3151 assensum.
385 3085 471 3152 Casu
500 3085 680 3152 diceremus
709 3090 742 3150 et
768 3086 888 3169 pusilla
913 3085 1087 3150 mutatione
1109 3087 1155 3151 ita
1185 3086 1396 3169 depravatum
1420 3130 1424 3139 -

162 3206 235 3253 esse
258 3188 394 3253 alterum
410 3187 591 3270 Hipparchi
614 3188 840 3272 testimonium,
864 3194 899 3253 ut
920 3208 1003 3253 nunc
1027 3188 1244 3253 circumfertur
1260 3193 1397 3270 (παρα-

161 3292 357 3370 κείμενοιυ),
379 3291 443 3356 nisi
465 3289 555 3356 idem
575 3289 689 3354 vitium
713 3289 876 3355 obsideret
897 3290 1104 3356 Marcianum.
1150 3290 1236 3372 Ergo
1259 3289 1320 3356 hoc
1342 3308 1397 3372 po·

162 3392 226 3458 tius
257 3392 442 3475 statuimus,
471 3391 553 3456 illud
582 3394 855 3473 «παρακείμενον»
884 3393 916 3456 in
946 3391 1092 3457 codicum
1122 3391 1399 3474 Hipparchecrum

162 3492 376 3578 archetypum
401 3513 443 3559 ex
459 3493 638 3575 exemplari
662 3493 802 3575 quodam
817 3494 908 3559 Arati
924 3492 1103 3558 traductum
1119 3514 1203 3559 esse:
1227 3493 1313 3577 quod
1335 3513 1398 3558 non

164 3597 266 3662 semel
288 3596 447 3663 accidisse
470 3601 503 3661 et
517 3596 804 3661 animadvertimus
826 3595 859 3659 in
882 3595 996 3676 ecloga
1012 3594 1057 3659 VI
1080 3601 1111 3661 et
1133 3616 1241 3662 sumus
1263 3594 1399 3679 posthac

165 3698 431 3764 animadversuri.

250 3801 288 3864 In
311 3799 473 3883 bisyllabo
496 3802 683 3881 «Περσέως»
707 3803 749 3878 (v.
766 3800 841 3874 484)
865 3805 897 3865 et
911 3798 1091 3882 Hipparchi
1114 3799 1241 3865 codices
1264 3806 1296 3863 et
1318 3797 1399 3861 Mar-

166 3903 293 3967 cianum
309 3902 377 3985 (qui
393 3901 492 3966 iidem
509 3922 540 3966 v.
558 3905 619 3967 249
636 3903 833 3984 «Περσέως»,
849 3903 888 3968 cf.
905 3921 936 3985 p.
955 3904 994 3965 70
1011 3901 1031 3964 l.
1050 3901 1102 3975 86)
1119 3901 1275 3966 adversus
1291 3918 1397 3964 recen·

167 4004 264 4069 tiores
281 4003 477 4070 concordare
493 4003 575 4070 scitu
591 4002 763 4085 dignumst.
801 4001 1081 4069 Substantivorum
1097 4003 1219 4069 formae
1234 4002 1352 4066 atticae
1367 4001 1399 4063 in

167 4103 239 4182 -εύς
262 4106 448 4173 exeuntium
471 4125 542 4170 cum
566 4106 599 4168 in
622 4105 714 4170 Arati
744 4105 885 4171 carmine
914 4104 992 4170 alibi
1019 4124 1083 4169 non
1105 4103 1319 4186 reperiantur,
1343 4100 1399 4167 sed

166 4215 221 4274 aut
236 4210 313 4296 -ῆος
327 4208 391 4292 -ῆα
414 4209 516 4284 (velut
541 4210 600 4271 179
617 4205 767 4292 Κηφῆος,
792 4208 853 4271 538
869 4202 1076 4292 Αίγοκερηος
1097 4207 1152 4287 at.)
1168 4211 1223 4270 ant
1238 4205 1311 4278 -έος
1326 4206 1397 4282 (711

168 4314 318 4394 Περσέος
339 4311 372 4375 in
395 4310 466 4393 ipso
490 4308 677 4389 Marciano),
700 4326 752 4373 res
774 4307 876 4372 libero
899 4307 1031 4373 arbitrio
1055 4312 1206 4389 exempta
1228 4311 1285 4372 est.
1330 4306 1399 4369 Tri·
