3174 5160
320 393 341 447 I.
363 395 412 449 DE
431 395 593 450 ACHILLE
613 395 859 452 GRAMMATICO
877 397 991 450 ARATI
1009 397 1258 452 INTERPRETE.
1364 397 1404 456 37

338 567 598 636 Senon.PAn1s.

172 671 404 755 συμφέροντα·
433 670 488 734 καὶ
515 665 659 747 Ὃεξιούς
686 669 765 735 οἰω-

173 763 260 845 νούς’
281 771 418 854 λέγομεν
440 769 518 848 τούς
537 771 668 850 αἰσίους
684 797 765 859 φαι-

173 875 340 954 νομένους.
379 873 426 940 cf.
444 874 544 941 schol.
564 878 597 941 in
613 877 764 942 German.

172 995 269 1058 supra
290 996 321 1059 p.
339 979 379 1039 27
402 979 576 1043 l.12-14.

139 1089 152 1137 5
215 1074 244 1140 ὁ.
267 1073 408 1162 <δεξιά>]
439 1076 524 1142 καλὰ
552 1081 608 1144 καὶ
635 1077 763 1165 συμφέ-

174 1201 285 1261 ροντα.

215 1278 338 1363 «ἔργον»
354 1279 390 1344 ὄέ
404 1274 476 1346 κατ’
494 1278 608 1367 ἐξοχὴν
623 1279 661 1346 τὸ
677 1279 762 1345 κατὰ

172 1387 344 1466 γεωργίαν.

214 1481 252 1548 τό
277 1487 453 1570 «γυραῖσαι»
470 1479 544 1549 ἀντὶ
559 1488 619 1549 τοῦ
642 1486 764 1572 φυτεύ-

128 1597 152 1646 10
174 1607 230 1650 σαι
252 1575 272 1672 ἢ
295 1584 425 1670 βόθρον
451 1579 582 1670 όρόξαι,
614 1584 647 1650 ἐν
671 1579 699 1671 ᾧ
720 1583 763 1650 τὰ

174 1685 261 1774 φυτά
295 1693 526 1753 κατατίθεται.
571 1681 669 1766 οὗτος
700 1684 762 1773 γάρ

174 1795 328 1875 σημαίνει
343 1787 403 1866 τὰς
419 1782 509 1875 ίόρας
522 1792 581 1878 τῆς
603 1795 764 1875 γεωργίας

173 1894 227 1956 καὶ
261 1894 321 1957 τοῦ
354 1890 494 1978 σπόρου.
581 1894 696 1977 «λέγει»
728 1891 763 1957 δέ

174 1986 247 2058 άντὶ
269 1997 329 2058 τοῦ
352 1998 517 2080 σημαίνει.
554 1986 763 2080 καὶὍμηρος

126 2107 150 2156 15
171 2097 265 2171 (ΙΙ.ΙΙ
285 2097 354 2172 49)·
382 2097 479 2183 «Ζηνὶ
511 2095 600 2181 φάος
625 2093 763 2180 ἐρέουσα

172 2198 227 2261 καὶ
251 2191 366 2274 άλλοις
389 2191 637 2263 ἀθανάτοισιν».

215 2323 240 2362 ε.
269 2296 428 2386 γυρώσαι]
465 2297 692 2384 περισκάψαι,
727 2283 762 2362 εὖ

170 2403 373 2486 γεωργῆσαι·
402 2397 443 2465 τὰ
473 2399 535 2487 γὰρ
565 2396 654 2486 φυτά
678 2401 762 2481 λαμ-

168 2501 265 2585 βάνει
293 2496 398 2588 κύκλῳ
426 2501 484 2590 τὴν
509 2505 569 2591 γῆν
595 2504 675 2589 περὶ
703 2499 762 2591 τὴν

118 2619 145 2668 20
170 2601 374 2691 ἐπιφάνειαν
402 2602 486 2669 κατὰ
514 2606 552 2670 τὸ
583 2603 627 2690 μὴ
658 2601 762 2688 ψύχε-

170 2711 275 2772 σθαι·
308 2701 327 2794 ἦ
357 2705 419 2793 γὰρ
448 2705 618 2795 θερμότης
649 2701 762 2784 αύτοῖς

170 2807 407 2890 συμβάλλεται.
452 2807 525 2875 ’ἐστι
552 2808 587 2874 δὲ
615 2811 671 2874 καὶ
695 2831 761 2873 σω-

169 2913 296 2998 ρεύσαι,
319 2915 472 2976 τουτέστι
493 2909 599 2996 κύκλῳ
621 2909 680 2997 τὴν
702 2913 761 2994 γῆν

167 3017 236 3079 τῶν
260 3015 374 3099 φυτῶν
397 3017 574 3098 σωρεύσαι.

111 3131 141 3179 25
211 3115 237 3194 ζ.
260 3118 327 3180 τῶν
342 3110 439 3201 ιόρών
461 3113 503 3179 τὰ
521 3128 641 3202 σημεῖα
665 3113 761 3180 ἐσοι-

979 571 1218 638 mmmmm.

818 675 1039 757 συμφέροντα.
1080 662 1166 736 οότιο
1188 673 1243 734 καὶ
1263 666 1406 747 ςδεξιούς

817 766 967 850 οἷωνούς’
996 774 1132 856 λέγομεν
1159 770 1237 848 τούς
1265 771 1404 849 αἰσίους.

1426 1090 1441 1140 5

859 1177 951 1256 δεξιὰ
975 1175 1141 1265 σημαίνει]
1158 1178 1253 1259 καλά,
1278 1183 1405 1266 συμῳέ-
1467 1140 1473 1151 ’

817 1307 928 1365 ροντα.
1014 1280 1136 1364 <(ἐργονν
1160 1280 1196 1345 δέ
1218 1281 1306 1363 λέγει
1327 1275 1402 1344 κατ’

818 1380 930 1470 ἐξοχὴν
951 1380 989 1446 τό
1013 1386 1072 1466 της
1093 1389 1263 1468 γεωργίας.
1311 1470 1313 1476 Ι

1425 2082 1457 2158 ιοΔ

857 2303 912 2365 καὶ
926 2300 1014 2387 φυτὰ
1026 2297 1301 2387 γυρώσαιλκαλώς
1312 2322 1404 2381 περι-

816 2403 957 2486 σκάψαι.
994 2402 1036 2467 τὰ
1051 2400 1113 2487 γὰρ
1137 2400 1225 2491 φυτά
1243 2400 1406 2484 λαμβάνει

814 2498 920 2590 κύκλῳ
944 2502 1001 2592 τὴν
1016 2507 1082 2589 γῆν
1106 2505 1185 2586 περὶ
1207 2501 1266 2591 τὴν
1282 2501 1405 2590 ἐπιφά-

815 2631 906 2671 νειαν
929 2603 1016 2691 πρὸς
1038 2603 1075 2670 τὸ
1100 2604 1144 2690 μὴ
1174 2605 1362 2688 ψύχεσθαι·
1386 2599 1405 2692 ἡ
1428 2618 1457 2667 20

814 2706 876 2793 γάρ
892 2712 1065 2790 θερμασία
1084 2701 1197 2784 αύτοῖς
1220 2707 1405 2791 συμβάλλε-

814 2835 881 2875 ται.
904 2799 1112 2896 η’«γυροῖσαι»
1128 2814 1280 2876 τουτέστι
1298 2809 1404 2894 κύκλῳ

814 2915 879 2976 τῶν
908 2914 1022 2998 φυτῶν
1052 2909 1110 2999 τὴν
1139 2915 1198 2996 γῆν
1226 2915 1404 2994 σωρεύσαι.

858 3107 957 3191 αὐτὸς
968 3113 1030 3199 γάρ
1042 3113 1084 3178 τά
1096 3139 1135 3199 γεΙ
1145 3111 1289 3200 σήματα]
1305 3106 1404 3190 αύτὸς
1425 3125 1453 3174 25

166 3216 275 3302 ησστο
305 3214 384 3293 τούς
407 3210 560 3301 άστέρας.
604 3218 701 3281 θέλει
725 3216 760 3281 δέ
812 3211 1404 3303 τῶνυλριῦνσημεῑαέντοιήσατοτούς

167 3317 230 3395 τὰς
247 3311 411 3395 ἀνατολὰς
432 3311 541 3383 αὐτῶν
556 3318 688 3396 καὶτὰς
704 3317 760 3382 δύ-

168 3443 241 3497 σεις
253 3420 382 3508 δηλοῦν.
417 3419 586 3497 Πλειάδος
600 3419 668 3506 ἑηία
684 3419 760 3485 ἐπι-

167 3519 249 3606 τολὴ
267 3526 389 3605 θέρους
413 3515 504 3610 άρχή,
529 3521 623 3601 δύσις
638 3523 673 3588 δέ
692 3521 760 3607 ἕῳα

108 3641 141 3690 30
164 3626 339 3706 χειμῶνος.

204 3847 270 3897 5-8
288 3839 362 3900 καλὰ
378 3845 523 3916 γεωργίαν
535 3852 598 3899 ante
610 3862 636 3913 p.
648 3847 680 3897 36
699 3845 716 3896 l.
729 3849 759 3897 27

167 3927 272 3995 scripta
294 3929 322 3981 in
340 3928 376 3981 P:
402 3928 497 3982 traieci
531 3931 541 3995 ΙΙ
577 3935 609 3983 14
634 3931 762 4000 σημαίνει

169 4013 280 4080 scripsi:
299 4012 543 4082 σημαινομένουΡ
573 4016 582 4082 11
614 4018 644 4067 21
664 4007 763 4079 αὐτοῖς

166 4096 337 4150 Marcianus:
357 4090 476 4169 αύτῆςΡ
493 4097 502 4167 Η
521 4102 552 4151 25
573 4095 652 4169 ὀρῶν
670 4099 713 4165 ΡΗ
728 4104 759 4152 2”ί

167 4175 259 4238 αὐτὸν
273 4180 295 4233 Ρ
316 4182 326 4252 ΙΙ
348 4185 390 4246 29,
401 4188 433 4236 30
448 4179 506 4258 ἐῴα
519 4176 592 4255 άρχη
606 4184 712 4256 θέρους
724 4185 759 4237 P:

166 4266 275 4320 traiecit
302 4272 330 4320 et
359 4282 422 4321 corr
448 4267 503 4319 Wil
530 4283 563 4321 ex
590 4269 730 4323 Marciano
752 4271 761 4336 ΙΙ

166 4348 259 4416 δύσεις
277 4352 307 4405 P.

814 3311 966 3403 άστέρας.
1001 3319 1098 3383 θέλει
1110 3316 1146 3382 δὲ
1161 3316 1221 3394 τὰς
1238 3311 1404 3394 άνατολὰς

814 3413 922 3485 αύτών
944 3422 1000 3484 καὶ
1022 3417 1083 3496 τὰς
1110 3417 1220 3496 δύσεις
1244 3419 1402 3506 δηλῶσαι,

813 3520 884 3587 οἷον
913 3520 1096 3608 Πληιάὸων
1125 3520 1210 3606 ἐῳαν
1245 3518 1404 3608 ἐπιτολὴν

813 3616 913 3710 ἀρχὴν
931 3628 1054 3704 θέρους
1068 3629 1234 3708 γίνεσθαι,
1256 3623 1351 3688 δύσιν
1367 3622 1403 3688 δὲ
1425 3635 1455 3683 30

813 3723 900 3810 ἐηίαν
917 3717 1017 3809 άρχην
1030 3728 1202 3807 χειμῶνος.
1237 3727 1344 3800 κακῶς
1366 3723 1402 3788 δὲ

814 3827 846 3892 οἱ
872 3826 1057 3913 γράφοντες
1080 3825 1239 3912 «σηματά»
1268 3824 1327 3910 τὴν
1348 3849 1403 3890 τε·

815 3930 970 3994 λευταίαν
987 3921 1169 4006 όξύνσυσιν,
1186 3922 1230 3992 ἵν’
1249 3913 1270 4013 ᾗ
1286 3925 1327 3992 τὰ
1345 3926 1403 4014 ὄη-

849 4188 861 4236 1
885 4177 951 4246 τοὺς
982 4185 1044 4251 post
1067 4176 1173 4246 δεξιοὺς
1202 4182 1280 4235 omisi
1304 4186 1335 4235 ut
1357 4180 1405 4250 ΡΙΙ

814 4272 845 4321 28
864 4263 962 4337 φύσεις
975 4265 1130 4319 Marcianus
1142 4267 1151 4332 ΙΙ
1167 4270 1230 4335 30,1
1252 4260 1344 4338 α’ρχην
1353 4266 1402 4319 W:

813 4345 887 4422 άρχῇ
905 4351 1070 4405 Marcianus.
