3174 5160
397 344 472 398 VIII.
491 343 542 397 DE
561 343 631 398 000
650 341 852 398 POETARUM
871 341 1073 397 SODALICIO.
1291 341 1353 399 329

124 520 238 585 dorum
266 527 439 602 praecepta
467 518 644 600 explicavit
666 514 716 591 (0.
733 507 970 582 Jahn‘Phi101.'
989 515 1004 579 l
1022 536 1053 598 p.
1070 515 1184 590 stati
1218 513 1355 581 Addidit

124 620 213 688 Oder
245 619 403 688 scholium
434 619 476 683 ad
498 618 653 685 Nicandri
672 610 971 700 ‘Alexipharmaca'
1003 638 1034 683 v.
1056 620 1116 681 172
1145 614 1198 682 ὅτι
1222 615 1257 680 δὲ
1281 616 1353 682 doo-

125 720 212 786 λεύει
235 716 255 806 r}
278 718 439 785 θάλασσα
460 721 517 784 καὶ
538 714 576 782 τὸ
600 719 668 799 πῦρ
691 710 836 798 ἀνέμοις,
859 714 943 782 κατὰ
960 722 1057 783 θεῖον
1073 711 1174 800 νόμον
1189 718 1353 804 δηλονότι,

123 826 221 888 τοῦτο
251 824 307 886 καὶ
329 816 542 906 Ἡράκλειτος
567 822 622 884 καὶ
646 823 973 885 ΜΕΝΕΚΡΑΤΗΣ
999 820 1136 907 εἴρηκεν.
1164 822 1265 888 'Hinc
1286 823 1360 887 Mne

124 943 300 992 uncnanns
315 924 476 1009 Ephesius
491 929 523 990 et
538 924 607 1006 ipse
623 922 778 987 Heracliti
794 922 913 1006 placito
935 923 1071 1008 physico
1093 943 1165 990 sese
1187 923 1355 991 addixisse

125 1029 157 1092 in
182 1028 323 1094 carmine
346 1025 489 1108 arguitur
508 1031 656 1090 mouente
680 1023 797 1091 Odero.
835 1025 1000 1091 Poeticam
1016 1026 1238 1092 Mnunonnnss
1259 1027 1355 1093 ratio-

125 1151 198 1196 nem
227 1150 265 1195 ac
295 1128 433 1194 studium
458 1125 622 1202 Hesiodi³l
651 1146 710 1191 sua
737 1126 814 1191 fecit
842 1125 959 1192 Aratus
989 1127 1175 1210 discipulus.
1221 1128 1269 1194 Ao
1290 1149 1354 1194 me·

118 1228 228 1298 'moria
249 1239 361 1297 teneas
384 1229 582 1294 Zenodotum
613 1237 645 1293 et
671 1229 776 1311 ipsum
798 1229 897 1294 fuisse
920 1237 953 1294 et
975 1227 1150 1311 Ephesium
1173 1232 1302 1296 natione
1325 1240 1357 1298 et

126 1335 251 1418 epicum
275 1331 435 1417 poetaml)
460 1339 491 1396 et
513 1330 649 1396 Hesiodi
672 1330 866 1404 editorem&

209 1436 337 1502 Novum
355 1434 577 1500 unruochus
592 1432 805 1513 fragmentum
826 1425 858 1497 ‘e
874 1424 987 1498 Rhesi'
1014 1431 1145 1499 scholiis
1161 1441 1356 1517 protractum

121 1529 308 1621 ‘Operibus'
341 1534 540 1601 reddendum
571 1553 754 1615 censemus,
784 1534 840 1598 ubi
869 1535 911 1599 de
936 1541 1060 1599 mature
1082 1536 1233 1617 surgendi
1257 1537 1357 1617 signis

126 1641 291 1724 aptissime
321 1639 440 1721 exponi
472 1638 586 1720 potnit.
638 1636 717 1700 Item
752 1636 864 1716 paucis
896 1643 992 1702 antea
1019 1634 1191 1702 cleosuati
1219 1637 1356 1704 Tenedii

126 1763 255 1808 carmen
278 1740 526 1806 astronomicum
548 1738 589 1801 ab
614 1737 727 1802 eodem
752 1734 945 1802 scholiastae
968 1745 1098 1803 auctore
1118 1738 1263 1815 (fortasse
1279 1740 1356 1805 Par·

126 1845 267 1910 menisco
291 1844 331 1908 cf.
353 1863 384 1926 p.
404 1845 474 1918 162)
499 1843 664 1906 excitatur.

217 2029 237 2090 ²)
255 2026 343 2081 Varro
357 2021 411 2079 ‘De
430 2041 460 2079 re
477 2018 593 2078 rustica'
612 2022 760 2086 liltore.
791 2020 859 2075 Plin.
879 2021 918 2074 XI
932 2027 972 2089 ll,
990 2022 1064 2078 alibi.
1096 2022 1168 2078 Oder
1185 2023 1258 2092 apud
1276 2023 1357 2078 Suse-

127 2112 201 2166 mihl.
221 2113 234 2166 I
252 2129 278 2180 p.
294 2113 363 2165 284².

214 2199 233 2261 ³)
253 2197 339 2251 Varro
363 2197 391 2249 in
418 2197 580 2264 scriptorum
604 2196 728 2260 catalogo
752 2193 785 2245 de
799 2186 852 2247 ‘Re
877 2188 995 2247 rustica'
1012 2192 1026 2245 1
1046 2199 1068 2255 1.
1083 2198 1107 2248 9.
1144 2194 1194 2248 Ille
1216 2194 1356 2262 catalogus

128 2282 260 2351 exemplis
279 2298 306 2350 p.
325 2286 401 2334 144-
413 2286 460 2335 148
480 2280 609 2334 conlectis
628 2279 783 2332 necessario
802 2278 942 2332 addendus
960 2285 1009 2332 est.
1045 2278 1088 2332 Ita
1105 2280 1175 2332 enim
1194 2280 1296 2334 Varro:

131 2369 186 2431 Qui
204 2385 310 2432 graece
331 2373 504 2433 seripserunt
527 2370 671 2431 dispersim
694 2369 768 2416 alius
791 2369 825 2414 de
842 2368 900 2416 alia
925 2382 967 2424 re,
992 2373 1058 2414 sunt
1071 2369 1139 2429 plus
1157 2366 1188 2415 L.
1226 2369 1270 2415 Hi
1285 2375 1357 2429 sunt,

128 2470 197 2518 quos
217 2455 261 2502 Tu
280 2456 381 2503 habere
399 2457 428 2502 in
447 2457 558 2503 consilio
572 2455 685 2516 poteris,
705 2468 765 2500 cum
784 2453 854 2515 quid
871 2454 1011 2499 consulere
1029 2454 1119 2499 voles:

207 2552 230 2588 1.
250 2540 358 2587 Hieron
377 2539 532 2587 Siculus'et
548 2540 660 2586 Attalus
677 2538 841 2584 Philometor
847 2554 859 2593 ,·

208 2636 231 2672 2.
253 2626 285 2671 de
299 2625 491 2686 philosophis:
509 2625 683 2670 Democritus
697 2624 840 2686 physicus,
856 2623 1009 2684 Xenophon
1021 2623 1185 2682 Socraticus,
1199 2625 1358 2674 Aristoteles

250 2715 276 2756 et
294 2710 505 2771 Theophrastus
519 2710 705 2771 peripatetici,
724 2709 864 2772 Archytas
882 2708 1076 2771 Pythagoreus
1082 2726 1094 2764 ;

207 2805 230 2854 3.
251 2797 313 2842 item
330 2795 530 2856 Amphilochus
545 2795 728 2852 Atheniensis,
747 2794 913 2854 Anaxipolis
933 2793 1064 2851 Thasius,
1082 2794 1265 2856 Apollodorus
1284 2796 1359 2845 Lern·

249 2884 325 2937 nius,
350 2879 549 2940 Aristophanes
567 2878 710 2935 Mallotes,
733 2879 890 2940 Antigonus
908 2876 1051 2941 Cymaeus,
1074 2879 1242 2941 Agathocles
1266 2879 1358 2939 Chius,

248 2965 411 3026 Apollonius
429 2964 631 3026 Pergamenus,
654 2965 835 3011 Aristandros
853 2962 1040 3022 Atheniensis,
1064 2964 1204 3011 Bacchius
1223 2965 1358 3023 Milesius,

249 3049 321 3096 Bion
341 3048 443 3106 Soleus,
463 3047 641 3097 Chaeresteus
659 3053 686 3094 et
702 3047 839 3096 Chaereas
856 3047 1042 3106 Athenienses,
1062 3048 1201 3095 Diodorus
1219 3050 1359 3108 Prieneus,

250 3134 324 3181 Dion
342 3133 536 3196 Colophonius,
556 3133 719 3194 Diophanes
737 3131 908 3189 Nicaeensis,
927 3132 1069 3193 Epigenes
1087 3133 1219 3192 Rhodius,
1238 3134 1359 3196 Euagon

251 3219 382 3277 Thasius,
396 3220 559 3280 Euphronii
570 3221 631 3276 duo,
646 3234 717 3265 unus
729 3218 912 3274 Atheniensis,
925 3217 1125 3279 Amphipolites
1136 3215 1252 3284 (alter),
1268 3218 1360 3281 Hege-

249 3306 305 3351 sias
317 3303 479 3361 Maronites,
499 3304 654 3351 Menandri
671 3306 731 3361 duo,
745 3318 816 3349 unus
828 3302 969 3360 Prieneus,
988 3304 1061 3349 alter
1073 3301 1259 3362 Heracleotes,
1278 3303 1359 3350 Nice·

249 3391 307 3436 sius
327 3389 488 3446 Maronites,
508 3389 625 3452 Pythion
644 3389 769 3435 Rhodius
775 3405 786 3443 ,·

207 3485 232 3532 4.
252 3475 285 3519 de
302 3475 432 3536 reliquis,
459 3489 574 3536 quorum
599 3489 670 3536 quae
683 3472 780 3536 fuerit
799 3473 898 3534 patria
921 3487 973 3518 non
992 3474 1098 3534 accepi,
1117 3478 1183 3520 sunt
1198 3474 1359 3532 Androtion,

249 3558 413 3616 Aeschrion,
433 3559 621 3616 Aristomenes,
641 3558 845 3619 Athenagoras,
866 3555 975 3613 Crates,
995 3556 1099 3614 Dades,
1122 3557 1285 3621 Dionysius,
1305 3559 1360 3605 Eu·

247 3643 358 3704 phiton,
388 3644 566 3705 Euphorion,
594 3643 735 3700 Eubulus,
763 3642 959 3705 Lysimachus,
988 3641 1132 3699 Mrmseas,
1166 3640 1359 3701 Menestratus‚

253 3727 452 3790 Plentiphanes
469 3727 509 3788 (i),
528 3729 627 3786 Persis,
646 3728 825 3789 Theophilus.

132 3809 176 3858 Hi
193 3827 260 3874 quos
278 3814 340 3860 dini
356 3829 444 3860 omnes
460 3816 549 3861 soluta
568 3815 689 3862 oratione
705 3814 895 3874 scripserunt‚·

210 3907 232 3960 5.
251 3900 358 3946 easdem
380 3914 424 3945 res
447 3901 527 3946 etiam
553 3900 665 3962 quidam
690 3899 825 3956 versibus,
852 3902 884 3943 ut
901 3897 1040 3945 Hesiodus
1058 3897 1208 3954 Ascraeus,
1232 3895 1360 3942 MENE-

137 3980 286 4030 CRATES
304 3983 444 4046 Ephesius
462 3985 505 4032 etc
550 3981 622 4034 Oder
640 3980 712 4046 apud
732 3979 922 4032 Susemihlium
940 3979 953 4031 Ι
971 3997 998 4048 p.
1013 3982 1126 4044 829sqq.

220 4065 240 4128 ⁴)
259 4064 350 4118 Schol.
370 4065 479 4118 Hesiod.
495 4057 619 4132 ‘Theogf
638 4082 661 4119 v.
674 4069 699 4128 ὁ,
718 4064 859 4118 Susemihl.
879 4064 892 4116 Ι
910 4081 936 4131 p.
951 4068 1009 4117 333.

219 4152 239 4213 ⁵)
257 4148 331 4202 Suid.
351 4165 371 4202 s.
391 4166 414 4201 v.
435 4146 602 4219 Ζηνόδοτος.

649 4306 848 4316 -—.-———
