3174 5160
168 358 231 416 384
712 355 864 410 ARATEA

168 532 327 594 decorum
351 550 421 593 esse
438 534 548 613 prout
562 533 791 613 nuncupatur
806 526 970 612 quisnam
986 528 1112 611 absque
1134 526 1211 590 nisi
1231 535 1264 592 et
1276 530 1403 592 Home-

167 655 249 696 rum
279 638 484 716 nuncupare
513 629 652 714 quidem
681 630 831 692 elamore
860 628 1012 713 aliquem
1045 629 1131 714 quia
1160 636 1195 692 et
1222 630 1404 694 nuntiatio

162 733 402 818 praefationis
435 732 524 818 qnid
546 732 667 818 faeiat
698 729 905 815 adloquitur
927 737 1009 794 ante
1037 731 1262 817 septuaginta
1292 753 1404 796 annos

169 835 256 899 dicit
271 835 533 910 adnuntiatum,
550 834 657 920 qnasi
669 834 765 897 ni'liil
815 831 852 898 τὸ
878 833 913 897 δὲ
930 829 999 899 dno
1016 830 1089 899 ioi'
1115 829 1325 922 «Ἀνκλείδη»
1347 838 1403 902 καὶ

168 936 270 1000 dieat.
331 960 432 1023 quom
471 959 552 1022 ergo
595 938 762 1000 recalum-
814 939 881 999 τιῦν
904 934 977 1023 ἑξῆς
993 930 1160 1018 ἄρχεσθαι
1174 935 1261 1023 τορὸς
1282 940 1331 1022 τῴ
1348 934 1446 1002 διὰ5

168 1037 308 1101 ni'ontes
363 1039 501 1125 inquiet
560 1040 656 1125 apud
702 1059 762 1101 nos
815 1037 1012 1124 κακοζηλίαν
1046 1037 1198 1126 ἐκφυγεῖν
1226 1041 1332 1104 ταῦτα
1361 1036 1405 1102 τὰ

163 1140 425 1226 praefationem
445 1143 573 1205 habens
592 1141 762 1226 quaedam
816 1139 879 1226 ε’τιρ
893 1138 951 1205 τόν
963 1135 1136 1223 Ἀράτειον
1150 1144 1339 1227 χαρακτῆρα
1356 1139 1406 1204 ἔτι

168 1240 534 1329 litigiosaquidfacit.
556 1240 761 1313 Di'ei'tenim
814 1245 869 1307 καὶ
893 1239 1080 1325 ἐναντίωμα
1109 1243 1175 1324 ἐ’χει
1203 1242 1240 1308 τὸ
1266 1241 1407 1307 οἴεσθαι

169 1347 209 1410 iri
232 1346 307 1432 ipsa
321 1345 548 1432 praefatione
570 1343 654 1430 quia
678 1345 761 1426 lup·
814 1342 1177 1433 ἑβδομηκονταετηρίδα
1221 1341 1323 1423 εἶναι,
1371 1341 1406 1409 ἕν

163 1448 259 1534 piter
286 1450 406 1512 stellas
434 1446 631 1511 hominibus
656 1444 761 1529 signa
813 1441 834 1533 ᾗ
864 1440 1143 1514 ἀποκαθίσταται
1171 1440 1305 1533 όῆλιος
1334 1440 1404 1513 aaa
1432 1458 1461 1509 10

168 1551 351 1615 constituit
370 1552 421 1614 sio
435 1573 569 1637 quoqne
591 1556 625 1613 et
637 1551 760 1635 faetu—
814 1557 951 1637 σημείου
965 1549 1023 1617 ἐπὶ
1036 1565 1188 1637 σημεῖον·
1209 1548 1274 1630 ἐ’χει
1286 1547 1349 1633 γὰρ
1365 1547 1404 1615 τὸ

170 1675 246 1717 ram
276 1653 407 1717 iudicio
425 1654 582 1740 fugiens
609 1651 761 1716 nominis
813 1659 1081 1736 κατεψευσμένον
1094 1659 1274 1736 προοίμιον
1285 1644 1405 1728 οὕτως·

168 1755 341 1819 malitiam
375 1757 517 1819 veniens
557 1754 595 1818 in
629 1756 762 1819 eaelum
814 1755 963 1837 «ἕπταχα
980 1754 1039 1821 σὺν
1056 1755 1406 1836 δενόδεσσιντεριντλο-

168 1858 375 1945 stellafieri,
393 1857 573 1921 undeinn
594 1881 663 1922 nan
678 1861 762 1941 lnp-
814 1864 922 1939 μένων
946 1857 1125 1922 ἐνιαυτῶν»
1146 1859 1265 1925 Achill.
1281 1879 1312 1940 p.
1334 1864 1382 1922 17.

164 1959 261 2044 pi'ter
294 1982 409 2024 omnes
437 1961 557 2024 stellas
584 1960 774 2024 constitnit.
829 1967 916 2024 sunt
944 1960 1084 2045 quidem
1112 1962 1193 2023 bene
1221 1958 1407 2045 composita
1431 1971 1459 2022 15

170 2084 287 2127 eornm
303 2064 413 2126 aerbo.
451 2063 571 2126 stellas
591 2063 683 2126 enim
699 2062 881 2126 constituit
902 2069 935 2126 et
940 2061 1121 2147 fundavit
1141 2063 1235 2136 deus,
1260 2061 1404 2124 nomina

170 2186 249 2228 vero
272 2171 306 2228 et
325 2164 430 2249 signa
447 2171 566 2249 postea
591 2170 625 2227 et
639 2164 864 2249 astrologiam
881 2163 1096 2249 peritissimi
1115 2163 1334 2228 addiderunt
1355 2163 1405 2227 eis

170 2273 204 2329 et
215 2268 367 2351 fabulas
390 2266 624 2330 condiderunt
643 2269 830 2348 ίίίίίίίίίίίίίίίίίί
846 2266 1021 2351 proprias.
1066 2265 1161 2329 nilnl
1188 2272 1304 2329 tamen
1321 2273 1404 2350 pro-

170 2368 237 2432 ibet
250 2369 459 2433 conditorem
481 2375 515 2431 et
519 2370 696 2452 faetorem
713 2368 825 2431 dicere
848 2370 959 2431 deum.
990 2368 1158 2432 dicionem
1180 2374 1296 2431 antem
1318 2390 1405 2451 qua·

170 2471 250 2533 dam
274 2471 313 2532 ab
337 2469 422 2554 ipsis
445 2470 661 2555 nuncupari,
685 2469 810 2554 quibus
832 2471 1016 2534 stellarum
1039 2470 1210 2534 rationem
1233 2469 1410 2533 dixerunt
1431 2483 1458 2533 2⁰

169 2571 253 2655 quia
275 2571 325 2634 sie
339 2572 489 2656 fabulas
511 2572 572 2635 liae
600 2572 687 2635 dicit
707 2573 843 2635 Aratus
866 2574 1024 2636 «verbnm
1046 2571 1186 2657 quidem
1208 2571 1325 2635 currit
1345 2573 1410 2635 sed
1454 2633 1460 2646 ,

170 2674 418 2750 ίτιτνιανταε»“).
465 2673 580 2736 simili
610 2675 706 2736 modo
737 2680 771 2737 et
799 2675 840 2737 de
872 2676 1047 2753 Carona¹²)
1081 2673 1270 2738 Ariadnes.
1314 2675 1408 2738 lione

172 2774 264 2838 enim
281 2783 347 2860 per
368 2774 567 2860 Dionysum
596 2775 703 2861 qnasi
730 2782 934 2839 exornatam
963 2776 1002 2839 in
1026 2775 1181 2840 carmine
1203 2797 1266 2839 suo
1289 2781 1324 2838 et
1344 2774 1406 2839 ille

172 2878 341 2940 Coronam
356 2877 553 2963 manifeste,
577 2878 671 2962 quod
675 2877 937 2963 fabulationem
955 2878 1096 2963 primus
1111 2877 1276 2942 reddidit.
1300 2879 1405 2942 talem

171 2978 452 3042 constitutionem
485 2980 668 3044 stellarum
701 2979 856 3044 leomines
888 2979 1120 3054 committunt,
1163 3003 1231 3043 non
1265 2981 1405 3064 qualem
1430 2993 1459 3042 νε

168 3080 329 3166 Iuppiter
345 3080 528 3166 praecipit.
573 3081 660 3145 istas
683 3081 776 3145 enim
803 3081 1050 3166 appellationes
1073 3087 1107 3144 et
1126 3080 1406 3168 significationes

168 3184 352 3247 stellarum
362 3189 481 3266 postea
498 3183 690 3268 aliquando
705 3186 809 3248 BER
814 3183 901 3248 OSS
904 3183 965 3248 US
973 3182 1028 3246 ait
1041 3182 1079 3246 in
1092 3178 1363 3247 ‘Prooreatione'
1373 3187 1405 3264 18)

256 3374 382 3436 θίαρνίδ
391 3371 514 3436 primitus
523 3371 670 3440 scripserat
683 3372 691 3436 ΙΙ
706 3374 736 3422 21
747 3375 797 3421 sie
808 3376 873 3436 utp.
885 3370 961 3422 3821.
973 3375 987 3423 3
1003 3371 1011 3436 ΙΙ
1025 3354 1204 3422 22lz²lmanus
1218 3373 1226 3436 ΙΙ
1241 3374 1272 3422 24
1286 3376 1404 3424 etalem.

260 3543 291 3606 ¹¹)
306 3537 421 3596 ‘Phaea
449 3545 537 3594 v.100
556 3539 644 3610 λόγος
662 3560 694 3611 γε
712 3540 765 3607 μἐν
783 3538 911 3609 ἐντρὲχει
929 3537 1016 3606 ἄλλος
1034 3533 1210 3612 ἀνθρώποις.

257 3628 288 3690 ¹²)
307 3626 339 3680 V.
355 3631 433 3693 Tlsq.
454 3625 615 3695 Στέφανος,
633 3621 687 3681 τόν
705 3618 818 3697 ἀγανὸν
836 3622 939 3696 ἔθηκεν
957 3619 1028 3695 σῆμ’
1047 3622 1145 3693 ἔμεναι
1163 3620 1303 3690 Διόνυσος
1321 3618 1405 3680 ἄποι-

169 3711 292 3783 χομένης
311 3703 456 3781 Ἀριάδνης.

259 3798 287 3855 ¹³)
306 3790 530 3867 Nimirum‘fliol
539 3792 763 3866 κοσμογονίας’;
778 3797 813 3850 cf.
824 3814 850 3865 p.
862 3800 926 3864 2263
939 3791 1106 3850 Mueller‘F.
1117 3795 1152 3850 H.
1163 3789 1205 3849 G?
1215 3796 1251 3848 II.
1273 3793 1406 3849 Fortasse

171 3883 225 3934 huc
235 3880 403 3933 adhibendus
414 3877 532 3930 Achilles
543 3896 568 3945 p.
581 3883 629 3934 163
640 3880 727 3947 Esq.:
741 3877 784 3937 διὸ
798 3886 846 3937 καί
858 3881 890 3939 ἐν
900 3878 1050 3952 διαφόροις
1062 3876 1157 3938 ἔθνεσι
1171 3877 1296 3951 διάφορα
1306 3883 1355 3935 καί
1369 3874 1404 3935 τὰ

171 3961 303 4033 ὀνόματα
321 3969 379 4020 τῶν
400 3959 517 4034 daiqav
538 3962 586 4025 ίῙιι
612 3961 743 4038 ἀστέρων·
755 3966 790 4029 Vl
809 3965 886 4025 ἔστιν
904 3964 1006 4037 εὑρεῖν.
1041 3964 1073 4022 ἐν
1095 3970 1167 4038 γοῦν
1184 3971 1220 4036 τῇ
1242 3969 1301 4020 τῶν
1319 3965 1404 4036 Αἰγυ-

172 4053 265 4106 πτίων
278 4053 388 4125 σφαίρᾳ
401 4045 468 4104 οὔτε
487 4042 640 4117 ὃΛρόκων
657 4048 717 4106 ἐστὶ
730 4051 921 4121 νομιζόμενος
939 4049 956 4123 ἢ
971 4047 1189 4120 ὀνομαζόμενος
1208 4047 1275 4108 οότε
1294 4045 1405 4119 Ἀρκεσι

172 4132 239 4192 οὔτε
258 4133 383 4206 Κηφεύς,
402 4129 467 4192 αλλ’
485 4133 570 4204 ἕτερα
595 4133 725 4207 σχήματα
752 4134 877 4193 εἰδώλων
898 4141 946 4192 καί
971 4131 1103 4205 όνόματα
1126 4136 1285 4205 τεθειμένα.
1326 4125 1403 4191 otio

171 4222 200 4276 δὲ
222 4224 271 4276 καί
293 4218 325 4276 ἐν
343 4225 378 4291 τῇ
401 4226 459 4276 τῶν
482 4224 644 4277 Χαλδαίων.
678 4213 811 4293 (Έλληνες
834 4223 864 4279 δὲ
887 4227 977 4278 ταῦτα
1000 4217 1035 4278 τὰ
1060 4215 1192 4288 όνόματα
1215 4216 1317 4277 ἔθεντο
1342 4229 1405 4284 τοῖς

171 4302 292 4377 οἴστροις
309 4300 369 4363 dub
388 4303 535 4377 ἐπισήμων
553 4300 658 4376 ἡρώων
675 4302 751 4375 πρὸς
769 4302 803 4363 τό
824 4301 1023 4378 εόνατάληπτα
1042 4301 1180 4363 εἶναικαὶ
1198 4303 1353 4377 εὔγνωστα.
