3174 5160
139 355 204 411 VH.
223 354 367 410 EUDOXI
385 353 502 409 curun
519 354 753 410 FRAGMENTA
771 355 823 408 EX
840 353 1050 408 HIPPARCHO
1069 352 1273 408 consucta.
1311 351 1372 410 285

139 529 223 595 locis
250 528 348 593 etiam
378 528 570 594 distantibus
601 530 761 595 contraria
784 527 937 618 Eudoxus
967 527 1008 592 de
1038 527 1151 593 eadem
1181 527 1373 610 adparentia

141 630 300 712 docuerit,
323 629 537 696 dubitabilem
559 628 642 696 hanc
657 631 763 714 ipsam
778 631 877 696 fuisse
900 650 1015 713 reapse
1031 630 1232 713 perspicitur.
1271 629 1371 695 Cede-

139 751 249 798 remus
279 731 467 814 Hipparcho
495 730 718 813 nihilosecius,
752 732 848 798 modo
881 740 1091 813 utramque
1115 731 1287 796 editionem
1311 732 1373 795 Eu·

140 832 243 898 dcxci
265 835 373 916 operis
395 851 567 915 usurpasse
590 834 723 899 Aratum
746 835 877 900 aliunde
903 835 1099 918 patefactum
1123 833 1271 898 essetab
1295 833 1371 916 Hip·

139 933 275 1018 parcho.
320 933 415 1012 Quod
438 954 530 1001 secus
553 935 640 1009 est⁶t
686 936 889 1020 Quapropter
912 936 1085 1019 eclogasV
1109 941 1142 1002 et
1163 935 1209 999 VI
1231 937 1375 1019 protinus

140 1038 329 1104 subicimus.

747 1276 772 1337 V

232 1409 247 1472 1
271 1429 302 1492 p.
321 1412 382 1476 198
398 1411 428 1476 D
443 1412 543 1477 Attali
560 1413 597 1476 ir.
614 1415 655 1474 20
672 1433 702 1494 p.
719 1410 796 1475 XVI
820 1411 869 1476 his
886 1410 1064 1495 Hipparchi
1081 1413 1189 1478 verbis
1205 1414 1376 1495 excipitur:

142 1511 201 1575 καὶ
224 1500 279 1575 ὅτι
299 1516 429 1594 γίνεται
450 1515 549 1577 τοῦτο
576 1515 689 1587 (solem
712 1534 774 1578 non
797 1514 831 1578 in
854 1511 968 1579 eodem
992 1515 1112 1579 circulo
1135 1516 1376 1581 conversionem

143 1615 253 1679 iacere
282 1625 454 1698 perpetuo,
488 1616 547 1682 sed
575 1616 658 1681 alias
687 1616 912 1680 australiorem
933 1616 1016 1682 alias
1046 1616 1288 1695 borealioremr‚
1322 1618 1375 1678 zoi

144 1716 367 1786 ΕΥΔΟΞΟΣ
387 1722 506 1802 φησίν·
540 1717 626 1800 λέγει
647 1718 726 1800 γοῦν
749 1712 795 1802 [ἐν
816 1718 865 1800 τῷ
888 1713 1150 1802 ΕΝΟΠΤΡΩΙ]
1175 1710 1295 1793 οὕτως·

105 1836 120 1885 5
275 1824 433 1905 φαίνεται
457 1818 492 1884 δὲ
516 1817 684 1905 διαφορὰν
706 1821 773 1882 τῶν
795 1816 879 1882 κατὰ
902 1815 963 1894 τὰς
986 1817 1116 1900 τροπὰς
1143 1819 1257 1885 τόπων
1281 1820 1335 1883 καὶ
1360 1812 1376 1880 ὃ

276 1911 371 2003 ἥλιος
402 1920 621 2003 ποιούμενος,
657 1914 862 2005 ἀδηλοτέραν
897 1920 933 1985 δὲ
967 1922 1083 2005 πολλῷ
1114 1924 1167 1986 καὶ
1207 1921 1380 1995 παντελῶς

276 2016 407 2109 ὀλίγην.
472 2078 477 2087 .

235 2175 341 2243 appol
357 2172 407 2228 LV
428 2176 438 2240 Ι
459 2167 492 2244 γ’
511 2164 563 2229 οὖν
580 2173 604 2226 Ι,
624 2176 634 2239 ΙΙ
657 2179 672 2226 5
691 2171 743 2239 τὰς
761 2180 824 2241 post
840 2167 915 2230 κατὰ
934 2189 977 2227 om
996 2175 1029 2227 V.

236 2414 537 2481 EPnanuonums
570 2416 697 2480 Eudoxi
730 2419 881 2498 quoniam
916 2417 1023 2481 hausit
1056 2418 1189 2498 Aratus,
1224 2417 1382 2481 emblema

149 2516 314 2582 eiecimus.
352 2516 401 2582 Cf.
426 2520 485 2583 ecl.
508 2519 524 2581 1
546 2526 578 2581 et
600 2517 641 2581 Π.
679 2518 832 2584 Eiusdem
856 2519 1093 2602 interpolatoris
1117 2538 1246 2583 manum
1269 2519 1382 2602 depre-

150 2616 331 2684 hendemus
354 2620 469 2684 iterum
492 2620 525 2682 in
541 2620 656 2702 ecloga
670 2619 724 2683 Vl.
762 2621 832 2685 Nec
854 2623 972 2703 tegitur
995 2620 1211 2704 interpolandi
1234 2640 1331 2685 causa
1352 2633 1384 2685 et

151 2719 255 2802 origo.
292 2720 413 2786 Versus
430 2721 567 2786 Arateos
590 2721 622 2786 in
645 2721 791 2788 codicum
817 2721 1094 2805 Hipparcheorum
1117 2721 1295 2806 archetypo
1319 2741 1383 2786 me-

151 2828 261 2887 mento
284 2814 649 2888 e‘Phaenomenorum'
675 2823 789 2889 codice
811 2826 921 2907 aliquo
945 2825 1111 2889 Marciano
1141 2824 1257 2903 adfini,
1291 2834 1385 2906 prout

152 2922 369 3006 indicaveris,
392 2926 463 2990 sive
485 2931 647 2991 correctos
669 2945 742 2990 csse
765 2927 835 2991 sire
858 2933 1041 3008 corruptos,
1065 2927 1270 3008 quantumuis
1293 2946 1384 3009 para·

152 3025 290 3110 phrases
311 3025 552 3109 Hipparcheac,
574 3027 602 3091 si
625 3046 708 3109 quae
732 3028 813 3092 sorte
836 3036 917 3110 sunt,
941 3037 1128 3110 repugnent.
1172 3027 1284 3091 Simile
1307 3027 1383 3108 quid

153 3128 187 3192 in
208 3127 362 3192 addendo
383 3127 539 3193 Euenum
568 3130 662 3194 titulo
690 3129 849 3195 accidisse
878 3130 1078 3194 arbitramur.
1124 3128 1243 3209 Finges
1271 3147 1289 3191 e
1319 3128 1386 3191 rita

153 3230 266 3313 aliqua
279 3230 401 3295 Aratea
412 3222 742 3297 ‘Phaenomenorum'
762 3232 941 3315 exemplari
964 3230 1109 3314 praefixa
1131 3230 1296 3294 librarium
1318 3248 1384 3293 cer-

154 3333 270 3398 tiorem
291 3333 411 3399 factum
434 3350 506 3397 esse
529 3330 571 3397 de
586 3330 841 3415 epistolographi
864 3333 950 3414 quod
974 3352 1005 3414 p.
1023 3334 1162 3414 237sqq.
1178 3331 1387 3396 tractavimus

155 3434 207 3511 (ci
224 3453 295 3517 cap.
310 3432 400 3510 VIII)
414 3441 611 3499 commento:
627 3442 754 3517 poterat
769 3434 856 3499 idem
871 3434 936 3514 ille,
953 3434 1100 3499 olrstante
1116 3434 1246 3515 quidem
1266 3433 1387 3498 diserte

155 3535 338 3620 Hipparchi
352 3535 456 3618 ipsius
470 3536 654 3600 testimonio
677 3536 736 3600 ecl.
754 3536 861 3617 Isqq,
878 3536 1066 3600 axomes
1082 3535 1208 3599 Eudoxi
1225 3555 1284 3617 pro
1300 3536 1386 3599 tonte

156 3637 248 3702 Arati
270 3636 437 3713 adferre').

241 3888 267 3957 ⁰)
283 3888 452 3956 Quamquam
474 3896 503 3942 et
527 3888 672 3942 Fabricius
698 3884 793 3947 t‘Bibl.
821 3882 918 3954 graec!
947 3888 988 3941 ed.
1018 3886 1140 3941 Harless.
1163 3886 1202 3939 111
1226 3902 1253 3954 p.
1273 3890 1333 3947 aab)
1362 3896 1389 3936 et

159 3973 273 4028 Buhlius
289 3973 329 4035 (Il
345 3990 374 4043 p.
386 3976 449 4037 auc)
466 3972 624 4027 Fabricium
642 3976 753 4026 secutus
771 3971 924 4025 adfirmant.

244 4059 266 4122 ⁷)
283 4058 377 4112 Etiam
398 4058 428 4111 iu
453 4073 628 4111 numerorum
651 4057 900 4126 computationibus
919 4056 1101 4125 IlippareheIs
1119 4071 1227 4109 manum
1245 4054 1389 4123 interpola-

162 4141 254 4198 trloem
272 4141 440 4212 deprehendi
450 4141 583 4195 IIanitius
595 4143 750 4211 nuperrime
767 4142 953 4210 pronuntiarit
966 4137 1020 4195 ‘Zu
1033 4141 1205 4209 Hipparchea
1218 4139 1390 4193 Commentar

164 4227 211 4281 der
226 4228 413 4283 Phainomcna
430 4229 477 4283 des
494 4231 595 4281 Aratos
613 4226 669 4280 und
686 4227 734 4281 des
752 4227 882 4282 Eudoxos
915 4229 943 4280 in
961 4226 1052 4279 «lahnii
1067 4221 1188 4278 'Aurial'
1206 4228 1257 4280 rol.
1275 4224 1388 4279 CXLHI

164 4326 188 4365 a.
208 4316 269 4368 1891
288 4330 316 4383 p.
329 4317 389 4367 ἴθι
