3174 5160
440 342 476 396 11.
494 342 546 396 DE
564 342 678 397 hasal
697 344 830 401 00chss
848 343 1088 398 HlPPAROHEO.
1330 344 1388 401 111

157 515 239 579 tiam
253 515 514 581 animadvertere
530 516 690 584 debuisse.
721 518 826 584 Locos
842 518 974 601 collegit
990 518 1192 584 Hermannus
1215 520 1246 584 iu
1263 519 1391 584 immor-

158 617 217 681 tali
241 636 340 700 opere
360 610 423 683 ‘De
445 624 552 685 aetate
578 621 741 704 scriptoris
764 611 1066 703 Argonauticorum'
1090 640 1122 704 p.
1139 624 1278 703 775sqq.
1323 621 1390 686 Iam

158 738 281 784 novum
298 717 361 785 hoe
375 719 533 804 addimus,
557 721 657 787 verba
671 721 854 788 Hermanno
871 722 1031 789 immerito
1048 729 1197 806 suspecta
1216 724 1279 788 iam
1303 724 1390 788 inno·
1507 784 1511 797 ,

158 822 260 887 tuisse
283 828 409 888 centum
432 821 500 888 fere
523 829 596 906 post
617 823 750 889 Aratum
777 845 877 891 annos
900 824 1095 907 Hipparcho.
1141 825 1289 906 Denique
1312 844 1392 890 cavo

158 944 201 990 ne
216 923 408 1007 paraphrasi
424 924 602 1009 Hipparchi
625 920 677 1003 (τά
700 923 761 1006 μὲν
785 923 876 1001 δεξιᾶ
899 927 958 1013 τῆς
970 917 1195 1009 Ἀνδρομέδας
1217 925 1249 990 οἱ
1268 918 1393 1006 Ἰχθύες

160 1017 258 1090 αὐτοὶ
282 1023 490 1111 ἐφέλκονται)
512 1027 692 1093 seducaris:
721 1028 807 1110 quod
837 1029 955 1095 accidit
978 1029 1093 1095 Vossio
1120 1029 1314 1095 scholiastae
1337 1049 1391 1094 ex·

159 1130 338 1213 plicatione
361 1128 514 1195 abutenti.
560 1129 631 1195 Hoc
653 1130 750 1212 igitur
771 1138 884 1213 pocta:
904 1125 1064 1196 ‘dextram
1087 1131 1314 1197 Andromedae
1337 1127 1393 1206 (ολ)

159 1252 292 1297 manum
304 1232 415 1298 Pisces
427 1232 490 1316 ipsi
501 1231 675 1314 attrahunt,
688 1232 848 1298 sinistram
859 1233 901 1298 ab
914 1234 979 1299 imo
992 1231 1089 1298 trahit
1099 1234 1192 1299 Aries
1205 1226 1390 1316 emergens?

248 1333 287 1398 V.
304 1337 366 1398 713
382 1332 543 1418 «λήγοντι»
558 1334 761 1400 scribendum
781 1354 852 1401 esse
867 1334 1071 1418 Hipparchus
1087 1335 1194 1402 evicit.
1225 1334 1395 1418 conspirat

159 1437 319 1502 Marciani
331 1438 497 1520 scriptura,
512 1438 589 1504 itam
602 1436 773 1504 scholium:
791 1441 903 1523 φησίν,
916 1434 970 1500 ὅτι
982 1430 1156 1523 ἀμφίβολα
1168 1424 1245 1522 (ἀν)
1255 1434 1393 1520 γένοιτο,

160 1536 309 1624 πότερόν
331 1561 416 1602 ποτε
428 1531 587 1622 ‘huyum'
613 1540 662 1622 τῳ
677 1540 772 1622 Κριῳ
794 1532 811 1603 ὁ
836 1540 906 1614 πᾶς
921 1536 1152 1624 συνανύρχεται
1175 1528 1284 1626 ἣτοῑς
1299 1536 1394 1622 πρού-

160 1663 236 1716 τοις
256 1637 377 1722 μέρεσι
398 1643 457 1705 τοῦ
483 1638 624 1726 Ταύρου.

729 1861 827 1927 XLV.

249 1999 283 2064 Π
304 2020 335 2084 p.
353 2001 414 2062 228
437 1999 463 2062 Β
486 1999 545 2085 τῆς
568 1995 604 2061 δὲ
627 1989 727 2081 ἀρχῆς
749 1999 808 2061 τοῦ
831 1994 963 2081 Ταύρου
987 1989 1229 2087 ἀνατελλούσης
1252 1999 1354 2086 φησὶν
1378 1992 1394 2061 ὁ

155 2095 306 2185 ’Ἀρατός
320 2124 357 2165 τε
372 2103 414 2178 (v.
432 2102 613 2178 714-720)
627 2100 682 2164 καὶ
698 2094 716 2163 ό
734 2092 878 2174 Etruros
893 2095 952 2162 τόν
964 2098 1098 2186 Περσέα
1114 2091 1192 2165 ύλον
1209 2104 1397 2187 φαίνεσθαι

160 2198 251 2286 ὑπὲρ
272 2203 410 2291 γῆνκαὶ
432 2203 492 2266 τοῦ
511 2196 661 2281 Ἡνιόχου
690 2198 749 2286 τήν
779 2192 957 2284 ἀριστερὰν
982 2214 1091 2292 χεῖρα,
1115 2199 1148 2266 ἒν
1170 2194 1192 2288 ᾗ
1217 2201 1248 2267 οἱ
1264 2196 1397 2288 Ἔριφοι

161 2319 302 2385 κεῖνται,
325 2305 381 2369 καὶ
403 2301 461 2370 τόν
478 2297 651 2388 ἀριστερὸν
674 2300 765 2368 πόδα
787 2303 842 2367 καὶ
857 2305 918 2367 τού
933 2295 1063 2391 Κήτους
1077 2303 1114 2369 τὸ
1139 2298 1207 2369 ἀπὸ
1224 2307 1283 2390 τῆς
1298 2297 1398 2389 ούρᾶς

120 2426 136 2472 5
162 2408 229 2486 ἕως
244 2410 304 2497 τῆς
319 2407 457 2495 λοφιᾶς·
477 2398 646 2470 ὀεδυκύναι
662 2403 698 2469 δέ
716 2425 800 2492 φησι
816 2407 875 2470 τού
887 2403 1025 2470 Βούτου
1041 2432 1074 2471 τι
1089 2404 1198 2491 μέρος.
1217 2390 1398 2492 7ἀγνοοῦσιν

163 2497 241 2592 σύν,
270 2507 312 2592 τὰ
343 2502 501 2596 ἀριστερὰ
529 2504 632 2589 μόνον
660 2501 955 2589 ὑπολαμβάνοντες
976 2509 1036 2572 τοῦ
1054 2503 1205 2591 Ἡνιόχου
1232 2511 1281 2594 τῷ
1305 2511 1399 2594 Κριῴ

164 2610 420 2678 συνανατὲλλειν
444 2662 501 2675 ...
525 2605 664 2692 ὁμοίως
682 2607 718 2672 δὲ
739 2604 823 2672 κατὰ
847 2606 906 2672 δύο
928 2606 1075 2692 τρόπους
1096 2611 1151 2675 καὶ
1174 2607 1216 2674 τᾶ
1239 2612 1319 2695 περὶ
1341 2612 1399 2675 τοῦ

164 2713 300 2802 Κήτους
335 2707 548 2801 ἠγνοήκασιν·
580 2704 656 2776 ούτε
682 2707 745 2794 γᾶρ
775 2713 823 2796 τῳ
849 2713 941 2796 Κριῳ
972 2704 1107 2795 ᾶρχεται
1137 2710 1397 2790 συνανατὲλλειν,

165 2809 213 2895 ὥς
238 2838 358 2904 φασιν,
389 2808 473 2880 ἀλλὰ
496 2827 567 2890 τοῖς
586 2805 747 2894 Ἰχθύσιν,
779 2806 854 2877 ούτε
878 2810 939 2890 ἕως
961 2817 1020 2900 τῆς
1043 2816 1165 2902 λοφιᾶς
1191 2812 1293 2897 μόνον
1317 2806 1399 2879 ἀνα·

108 2936 138 2985 1⁰
165 2918 311 3008 φέρεται
334 2916 393 2983 σᾶν
415 2919 463 3002 τῷ
486 2919 590 3000 Κριῳ,
615 2907 689 2979 ἀλλ’
709 2910 788 2980 ὅλον
812 2912 929 2997 σχεδὸν
952 2915 1040 3002 πλὴν
1061 2920 1128 2982 των
1151 2915 1185 2982 ἒν
1206 2918 1248 3002 τῇ
1270 2916 1400 3002 κεφαλῇ

166 3023 201 3089 οἱ
227 3020 262 3088 ἒν
285 3016 373 3107 ᾶκρῳ
396 3022 444 3106 τῳ
464 3021 612 3103 χελωνίῳ
636 3019 797 3104 λαμπροί.
835 3009 889 3083 ότι
906 3043 943 3103 γε
965 3016 1029 3106 μὴν
1053 3010 1128 3084 οὐδὲ
1151 3013 1168 3084 ό
1193 3016 1331 3106 Βούτης
1351 3020 1399 3101 τῳ

165 3127 265 3212 Kosa]
290 3117 425 3208 ἀρχεται
448 3123 752 3206 συναναφέρεσθαι,
776 3109 822 3196 τᾶς
844 3142 959 3205 φασιν,
984 3115 1068 3185 ἀλλὰ
1091 3123 1139 3207 τῳ
1162 3118 1291 3207 Ταύρῳ,
1315 3145 1400 3203 προ-

167 3226 347 3316 ειρήκαμεν
371 3218 536 3312 ἀνωτέρω.

256 3389 307 3451 2ὃ
332 3393 416 3449 cmL
438 3394 448 3460 h
474 3391 634 3462 tpquer
655 3393 665 3458 u
687 3386 823 3463 ὃνήτους
841 3391 879 3445 V:
905 3387 1023 3462 ἡνιόχου
1045 3392 1068 3444 L
1097 3394 1106 3460 ΙΙ
1131 3387 1257 3465 (Ταύρῳ.
1284 3387 1400 3463 σφάλμα

167 3473 362 3553 μνημονικύν’
379 3479 407 3533 in
426 3493 476 3533 cra
493 3477 528 3531 ad
547 3479 629 3550 Κριῷ
647 3477 786 3532 adnotavit
804 3477 923 3547 Scaliger
941 3479 951 3542 n
974 3480 989 3529 9
1007 3483 1071 3546 post
1089 3481 1193 3548 λοφιᾶς
1204 3477 1317 3531 inseruit
1336 3477 1401 3530 Sca·

167 3569 237 3636 liger
254 3569 307 3623 τοῦ
320 3561 432 3636 Κήτεος
452 3565 463 3632 ΙΙ
485 3557 648 3637 10“Ταύρφ.
680 3558 797 3632 σφάλμα
809 3555 999 3634 μνημονικόν’
1016 3563 1107 3616 incra
1124 3563 1158 3616 ad
1174 3565 1253 3635 Κριῷ
1264 3562 1402 3615 adnotavit

168 3652 290 3721 Scaliger
309 3655 319 3719 λ
342 3643 414 3708 ἀλλὰ
435 3640 505 3715 όλσς
522 3648 545 3702 L
567 3652 576 3716 ΙΙ
601 3653 629 3700 11
643 3650 764 3722 χελννλφ
783 3648 804 3700 V
829 3652 838 3715 ΙΙ
859 3642 924 3704 οὐδὲ
942 3647 1050 3715 scripsi:
1071 3644 1138 3704 ούτε
1155 3647 1213 3701 LV.

731 3855 844 3921 XLVI.

256 3997 420 4081 lipara
443 3994 473 4060 D
496 3993 575 4080 περὶ
606 3992 642 4058 δὲ
669 3994 729 4057 τού
756 3983 1023 4077 Ἀρκτοφύλακος
1054 3985 1238 4076 ὁλοσχεροῦς
1267 3988 1403 4054 δοκοῦσί

171 4123 232 4182 μοι
248 4091 377 4183 ἀγνοεῖν
399 4098 530 4175 (Aratus
545 4105 578 4162 ct
593 4096 767 4170 Eudoxus).
805 4096 892 4179 φασὶ
907 4089 969 4177 γᾶρ
987 4086 1087 4158 αὐτὸν
1103 4092 1122 4156 d
1129 4091 1135 4110 '
1154 4090 1287 4177 ζῳδίοις
1310 4083 1402 4156 ἀντι·

173 4199 367 4266 καταδύνειν
389 4200 484 4285 Κριῳ
506 4221 543 4262 τε
565 4199 621 4262 καὶ
641 4194 760 4281 Ταύρῳ
782 4197 838 4261 καὶ
853 4194 1018 4278 Διδύμοις
1040 4197 1095 4260 καλ
1112 4200 1277 4279 Καρκίνῳ.
1302 4191 1320 4258 ὃ
1342 4192 1402 4275 μὲν

173 4301 236 4389 γὰρ
245 4296 391 4385 ’Ἀρατσς
401 4303 462 4366 τού
477 4298 607 4384 Ταύρου
621 4297 706 4385 πρὸς
718 4301 757 4386 τῇ
769 4291 915 4384 ἀνατολῇ
926 4291 1022 4372 ἀντος
1035 4301 1137 4385 φησίν
1149 4300 1191 4375 (v.
1206 4301 1263 4362 721
1272 4300 1401 4372 -722)·
