3166 5166
449 365 496 418 IX.
516 364 750 419 EPIMENIDEA
768 363 817 418 ET
835 361 1106 418 ARCHILOOHEA.
1330 363 1392 422 345

164 537 263 603 debet
285 537 445 604 Maximus
468 539 587 621 Tyrius
606 528 713 603 ‘Diss.'
741 558 766 603 c.
784 539 824 599 22
840 557 871 620 p.
889 539 951 599 224
968 537 1093 603 Davisii
1117 535 1280 620 (Cantabr.
1300 539 1393 610 1703)

164 621 269 723 ἦλθεν
291 631 457 722 Ἀθήναζε
478 640 534 703 καὶ
557 632 666 716 ἄλλος,
690 634 781 724 Κρὴς
804 631 902 722 ἁνήρ,
932 632 1039 720 ὄνομα
1057 630 1282 724 Ἐπιμενίδης·
1318 631 1394 702 οὐδὲ

162 733 262 815 ,οὗτος
295 738 388 821 ἔσχεν
421 738 528 804 εἰπεῖν
564 734 654 824 αὑτηί
688 736 905 804 διδάσκαλον·
941 731 1014 803 ἀλλ’
1052 724 1092 825 ἦν
1125 739 1185 820 μὲν
1221 738 1329 816 δεινὸς
1351 738 1393 804 τὰ

164 847 257 923 θεῖα,
280 835 369 908 ὥστε
383 840 443 930 τὴν
457 844 524 905 τιῦν
540 834 733 928 Ἀθηναίων
748 840 849 907 πόλιν
865 845 1066 927 κακουμένην
1082 843 1190 926 λοιμῷ
1204 844 1260 908 καὶ
1277 841 1394 908 στάσει

166 937 351 1010 διεσώσατο
368 942 610 1026 ἐκθυσάμενος·
634 941 772 1020 δεινὸς
795 928 896 1027 δὲῆν
912 936 1097 1009 ταῦταού
1115 943 1276 1025 μαθών,
1302 937 1390 1009 ἀλλ’

163 1037 293 1112 ῧπνον
323 1041 431 1131 chaspi
455 1044 648 1132 διηγεῖτο
671 1043 830 1132 μακρὸν
852 1048 922 1111 καί
945 1039 1111 1129 ὄνειρον
1134 1045 1394 1112 διδάσκαλον

164 1156 197 1216 et
218 1170 245 1216 c.
261 1153 302 1214 28
324 1169 355 1233 p.
372 1152 434 1214 286
464 1141 602 1235 ἀφίκετό
634 1172 718 1213 ποτε
747 1139 829 1233 ἀνὴρ
857 1145 948 1233 Κρὴς
977 1141 1141 1235 Ἀθήναζε
1170 1141 1276 1228 ὄνομα
1300 1140 1394 1214 Ἐπι-

163 1249 299 1339 μενίὸης
327 1249 470 1334 κομίζων
501 1249 598 1335 λόγον
629 1245 754 1315 οὑτωσὶ
787 1249 949 1336 ῥηθέντα,
984 1248 1210 1315 πιστεύεσθαι
1236 1250 1394 1331 χαλεπόν.

164 1347 289 1439 ἡμέρας
313 1351 347 1418 ἒν
369 1357 532 1418 Δικταίου
557 1355 665 1431 (immo
684 1345 822 1418 ’Idulovz
845 1351 960 1417 Rohde
980 1344 1134 1437 ‘Psyche'
1153 1373 1184 1436 p.
1203 1355 1286 1432 120³)
1308 1352 1394 1431 Διὸς

165 1457 212 1540 τη]
236 1448 345 1540 ἄντρῳ
368 1460 516 1537 κείμενος
538 1453 633 1539 ῧπνηι
648 1458 754 1538 βαθεῖ
769 1452 823 1538 ἕτη
841 1451 942 1532 συχνὰ
957 1447 1039 1537 ὄναρ
1055 1452 1118 1539 ἔφη
1137 1451 1277 1535 ἐντυχεῖν
1295 1449 1394 1531 αὐτὸς

164 1560 262 1634 θεοῖς
294 1558 349 1621 καὶ
383 1559 475 1622 θεῶν
506 1555 617 1640 λόγοις
645 1558 699 1620 καὶ
730 1550 889 1641 Ἀληθείᾳ
916 1557 972 1620 καὶ
1000 1559 1096 1641 Δίκῃ.
1142 1559 1281 1621 τοιαῦτα
1311 1555 1394 1623 ἅττα

165 1657 424 1743 ὂιαμυθολογιῦν
445 1652 615 1745 ᾐνίττετο,
647 1654 760 1740 οἶμαι,
791 1650 1056 1742 theopaldus,
1091 1652 1137 1732 ὡς
1165 1650 1231 1742 ἄρα
1253 1653 1270 1723 ὁ
1296 1656 1329 1723 ἒν
1351 1663 1393 1747 γῇ

163 1764 238 1843 βίος
266 1773 341 1837 ταῖς
369 1763 437 1825 τιῦν
471 1753 665 1845 ἀνθρώπων
695 1770 818 1841 ψυχαῖς
851 1751 999 1842 ὀνείρατι
1029 1757 1116 1824 εὀικε
1144 1761 1199 1823 καὶ
1228 1762 1393 1827 πολυετεῖ.

164 1864 244 1930 Esse
267 1864 418 1948 vidimus,
442 1866 497 1947 qui
520 1885 583 1930 non
606 1864 775 1929 dormiisse
795 1863 854 1930 sed
870 1863 978 1928 herbis
994 1863 1187 1928 salutaribus
1203 1870 1394 1948 occupatum

163 1967 264 2032 fuisse
288 1966 489 2050 conligendis
508 1965 730 2051 Epimenidem
754 1970 978 2031 asseverarent
998 1963 1084 2040 (adn.
1101 1966 1142 2041 4).
1180 1964 1274 2030 Novo
1297 1966 1394 2047 igitur

164 2068 348 2134 testimonio
365 2069 399 2133 id
417 2070 532 2152 ipsum,
550 2068 637 2151 quod
652 2067 851 2150 pragmatice
866 2065 1105 2148 interpretando
1122 2075 1255 2132 conatur
1270 2068 1392 2150 tollere,

165 2171 326 2236 Maximus
352 2172 475 2236 stabilit
496 2173 625 2235 invitus.
635 2170 658 2246 ⁸)
695 2168 854 2233 Addimus
877 2168 1018 2233 breviter
1041 2168 1082 2234 de
1103 2188 1241 2251 persona
1262 2169 1393 2236 adlocu-

164 2273 244 2339 trice
259 2293 301 2338 ex
318 2273 432 2338 eodem
449 2273 589 2338 Maximo
605 2271 766 2337 nonnulla.
801 2271 888 2336 Deos
909 2271 994 2335 enim
1016 2271 1194 2354 universos,
1217 2271 1393 2337 Veritatem

165 2383 197 2440 et
218 2374 376 2441 Iustitiam
400 2375 566 2458 imprimis,
590 2393 625 2439 se
648 2373 770 2438 vidisse
790 2363 1060 2438 ‘Catharmorum'
1087 2371 1221 2438 exordio
1249 2380 1281 2439 et
1302 2374 1392 2439 audi·

164 2477 251 2542 visse
273 2478 396 2542 rettulit
411 2476 629 2559 Epimenides.
666 2473 752 2538 Illud
774 2475 922 2560 «Κρῆτες
945 2465 997 2536 ἀεὶ
1015 2477 1179 2555 ψευσταί»
1202 2476 1230 2541 si
1245 2475 1288 2540 ad
1304 2476 1393 2542 Veri·

164 2583 263 2644 tatem
286 2580 492 2644 revocaveris
515 2576 688 2659 adfantem,
711 2576 920 2643 acrimoniam
943 2576 1137 2658 singularem
1163 2580 1393 2662 persentisces;

164 2681 192 2747 si
214 2681 330 2763 minus,
353 2682 385 2744 in
409 2682 556 2760 γευσταί
577 2680 735 2744 rationem
757 2687 789 2744 et
811 2678 1000 2744 relationem
1023 2679 1176 2761 requires.
1218 2679 1394 2746 Statuimus

164 2783 262 2866 igitur
277 2783 323 2848 ita
337 2782 557 2864 probabiliter,
575 2781 632 2846 sed
649 2779 729 2844 nihil
745 2781 823 2845 certi
840 2781 1045 2863 spondemus.
1070 2778 1157 2857 Quid
1173 2783 1274 2863 ergo?
1302 2784 1393 2847 Arati

166 2904 263 2951 causa
278 2883 495 2950 Callimachus
513 2883 757 2965 Epimenideam
780 2883 934 2948 fabellam
950 2881 1151 2964 Epimenidis
1174 2884 1276 2966 ipsius
1299 2903 1394 2950 versu

165 2986 339 3068 redarguit.
385 2985 533 3068 Hymnus
556 2986 589 3049 in
611 2985 721 3050 Iovem
737 2983 974 3050 Callimacheue
997 3004 1068 3049 cum
1094 2984 1207 3060 ,³[280
1231 2985 1393 3051 contectus

165 3089 221 3170 sit,
251 3089 314 3152 iam
344 3095 419 3152 ante
449 3086 530 3151 illud
552 3095 678 3169 tempus
698 3078 952 3151 ‘Phaenomena'
977 3085 1196 3151 Alexandriae
1218 3087 1393 3153 innotuisse

252 3393 271 3455 ⁸)
290 3390 512 3445 Wilamouitzins
534 3391 563 3444 iu
586 3387 753 3456 Epimenidis
773 3381 983 3456 ‘Theogoniam'
1008 3388 1158 3442 convicium
1175 3387 1243 3443 illud
1264 3389 1394 3456 relegavit

165 3474 269 3544 Eurip.
284 3469 472 3544 ‘Hippolytos'
491 3491 519 3543 p.
533 3475 605 3539 224¹)
618 3468 695 3524 ‘Den
708 3476 816 3524 Hesiod
832 3477 937 3524 weihen
955 3477 999 3524 die
1012 3476 1112 3525 Musen
1130 3476 1258 3542 eusdem
1271 3477 1393 3525 Helikon

164 3561 256 3622 (immo
275 3559 309 3613 ad
321 3560 428 3615 radices
437 3560 545 3623 montis,
559 3559 594 3613 cf.
605 3576 631 3627 p.
643 3564 702 3621 274)
715 3564 774 3610 und
785 3563 921 3624 beginnen
932 3564 980 3608 mit
997 3564 1056 3609 dem
1068 3562 1232 3610 Scheltwcrt
1242 3559 1393 3627 «ποιμένες

165 3641 313 3717 ἄγραυλοι,
330 3637 400 3700 κάκ’
418 3642 544 3716 ἐλέγχεα,
563 3644 700 3715 γαστέρες
719 3641 810 3699 οἷον».
841 3647 1017 3708 Epimenides
1029 3662 1089 3694 war
1106 3649 1149 3695 bei
1164 3649 1216 3695 den
1229 3649 1393 3695 letaeischen

165 3733 196 3781 N
193 3734 316 3798 ymphen
325 3749 451 3796 gewesen
464 3734 522 3780 und
534 3733 720 3794 verkie‘nde'gle
732 3733 776 3780 die
789 3731 938 3779 Wahrheit
950 3734 999 3780 mit
1011 3734 1069 3780 dem
1084 3732 1247 3780 Scheltwort
1263 3751 1274 3775 ι
1284 3732 1393 3799 Κρῆτες

165 3809 210 3871 οἷεί
229 3816 360 3885 ψευσταί,
377 3810 452 3870 κακὰ
471 3812 568 3885 θηρία,
586 3812 724 3886 γαστέρες
742 3808 856 3885 οἷργαί».
888 3815 952 3881 Pag.
966 3817 1029 3868 224:
1048 3817 1103 3865 Die
1116 3817 1275 3880 Theogonie
1287 3817 1394 3881 fdhrte

164 3905 209 3952 als
222 3903 377 3965 poetisches
395 3903 484 3951 Motiv
507 3904 559 3949 den
579 3902 686 3968 Schlas
706 3905 735 3950 z'n
754 3905 804 3950 der
822 3901 917 3950 Grotte
939 3904 992 3950 ein.
1029 3899 1196 3968 Opponimus
1219 3913 1288 3967 quae
1310 3914 1394 3966 supra

164 3985 272 4052 prolata
304 3988 377 4039 sunt.
414 3984 546 4054 Nymphis
570 3986 698 4051 templum
724 3990 865 4038 exstruere
885 3984 1070 4053 Epimenidem
1092 3984 1208 4039 voluisse
1225 3983 1273 4036 sed
1295 3996 1361 4037 voce
1379 3997 1394 4036 e

165 4070 240 4124 caelo
264 4070 359 4123 audita
381 4069 439 4124 Iovi
463 4069 569 4123 dicasse
587 4067 779 4137 Theopompus
798 4069 900 4132 tLaert.
919 4069 996 4136 Diog.
1016 4070 1033 4123 l.
1052 4076 1086 4132 c.)
1104 4069 1231 4123 narravit.
1266 4067 1341 4121 Nihil
1360 4067 1392 4122 de

165 4155 298 4224 Nymphis
317 4159 407 4209 exstat
424 4154 554 4222 amplius,
574 4153 663 4221 quoad
681 4155 790 4208 scimus.
809 4183 843 4192 -
862 4154 952 4208 Etiam
970 4154 1003 4208 de
1022 4152 1186 4208 Callimacho
1203 4152 1296 4222 paullo
1314 4152 1393 4206 aliter

166 4240 391 4294 Wilamovitziua
415 4238 552 4292 iudicavit.
590 4236 631 4290 De
654 4237 751 4304 quibus
776 4238 912 4306 ambigere
936 4238 1012 4303 licet,
1034 4242 1178 4308 postquam
1197 4237 1392 4292 Callimacheae

164 4323 304 4378 relationis
323 4338 445 4389 acumen,
463 4324 491 4376 ni
509 4322 635 4389 fallimur,
654 4322 827 4390 dispeximus.
