3174 5160
396 340 468 394 vru.
488 340 539 394 nn
558 316 626 396 c'oo
645 340 847 397 eonnnauu
866 341 1067 397 sonnnrcro.
1283 342 1342 402 337

121 512 289 578 convertit.
325 512 655 598 Circumspiciendum
678 513 739 578 erit
754 513 916 598 deinceps,
939 516 1033 598 quale
1049 516 1249 599 potissimum
1271 537 1344 583 con·

119 614 227 680 silium
256 614 446 697 Apollonius
474 614 631 680 faciendis
660 605 910 698 ‘Argonauticis’
945 619 986 684 sit
1015 616 1119 683 Rhodi
1149 624 1343 702 persecutus.

120 715 158 780 Id
181 736 222 782 ex
237 716 308 801 ipso
324 717 465 782 carmine
481 718 686 799 exploraturo
702 737 782 801 opus
800 724 849 783 est
863 719 987 796 altiore,
1012 739 1108 802 quam
1124 719 1247 785 institui
1262 739 1345 786 nunc

121 817 250 900 quidem
273 818 385 902 possit,
407 817 570 901 indagine.

357 999 495 1070 σχέτλιοι·
514 991 532 1070 ῆ
550 1002 581 1057 τί·
599 1021 666 1071 σφιν
684 1020 803 1072 στυγερη
823 1005 893 1068 τίσις
911 994 1009 1058 ἔπλετ’
1029 995 1142 1058 ὀπίσσω

357 1088 457 1156 χερσὶν
474 1079 527 1154 ὑφ’
541 1080 706 1158 Ἡρακλῆος,
725 1077 743 1142 ὅ
759 1107 808 1155 μιν
825 1088 954 1156 δίζεσθαι
972 1082 1081 1156 έρυκον.

357 1167 458 1227 άθλων
475 1165 532 1242 γάρ
551 1171 658 1226 Πελίαο
677 1167 851 1235 δεδουπότος
869 1166 913 1240 άψ
930 1163 1066 1237 ἀνιόντας

362 1250 442 1328 Τῆνῳ
458 1252 490 1311 έν
508 1249 651 1328 ἀμφιρύτῃ
669 1255 783 1327 πέφνεν,
801 1259 849 1311 καί
867 1248 998 1326 ἀμήσατο
1017 1266 1103 1328 γαῖαν

358 1332 436 1411 ἀμφ’
454 1335 560 1405 αὐτοῖς,
579 1335 683 1411 στήλας
701 1360 732 1397 τε
750 1336 806 1396 δύω
823 1336 1009 1412 καθύπερθεν
1027 1337 1144 1409 ἔτευξεν,

355 1413 402 1480 ,ὦν
419 1421 509 1496 ἑτέρη,
526 1421 643 1498 θάμβος
660 1421 816 1494 περιώσιον
835 1419 954 1497 ἀνδράσι
971 1424 1109 1492 λεύσσειν,

360 1511 469 1565 κίνυται
486 1503 622 1580 ἠχήεντος
638 1505 696 1566 ὑπὸ
715 1514 801 1580 πνοιῇ
819 1509 941 1581 Βορέαο.

119 1652 122 1657 ,
360 1597 408 1650 καί
426 1589 461 1652 τά
479 1594 532 1663 μὲν
550 1588 590 1661 άίς
607 1591 710 1664 ἤμελλε
727 1589 800 1663 μετά
817 1590 928 1666 χρόνον
945 1593 1125 1653 ἐκτελέεσθαι
1142 1590 1212 1652 κτλ.’

124 1679 160 1730 At
178 1678 305 1732 continuo
323 1685 386 1748 post
402 1680 444 1734 vel
458 1680 577 1735 Glaucus
596 1681 662 1735 deus
680 1680 799 1734 marinus
812 1694 949 1748 emergens
963 1680 1087 1734 admonet
1105 1680 1221 1750 Minyas,
1240 1696 1274 1736 ne
1292 1696 1347 1735 am-

124 1762 194 1832 plius
213 1762 356 1817 Herculem
376 1763 449 1817 anxii
467 1763 619 1819 desiderent
636 1782 660 1819 v.
677 1762 820 1832 1316sqq.:

362 1844 448 1921 Ἄργει
468 1848 496 1905 οἳ
512 1842 595 1921 μοῖρ’
612 1846 690 1904 ἐστίν
707 1841 863 1923 ἀτασθάλῳ
884 1843 1025 1921 Εὐρυσθῆι

360 1931 499 2005 ἐκπλῆσαι
515 1934 661 2006 μογέοντα
680 1929 805 1990 δυώδεκα
825 1925 936 1999 πάντας
954 1928 1084 2001 ἀέθλους,

361 2021 450 2074 ναίειν
468 2011 495 2074 d'
513 2013 686 2075 citerdrosae
705 2018 861 2081 συνέστιον,
879 2015 909 2074 εί
922 2014 953 2073 κ’
972 2014 1012 2076 έτι
1031 2011 1161 2091 παίρους

359 2096 488 2174 ἐξανάσρ.
524 2106 567 2177 τῷ
582 2098 620 2173 μῆ
640 2123 667 2158 τι
684 2100 761 2174 ποθί]
780 2107 888 2160 κείνοιο
908 2103 1049 2160 πελέσθω.

124 2191 232 2260 Duplex
250 2188 331 2257 igitur
352 2189 494 2242 consilium
512 2194 572 2242 erat
589 2189 647 2241 sine
666 2187 781 2242 Hercule
799 2189 998 2258 proficiscendi,
1023 2189 1138 2243 alterum
1157 2189 1349 2257 Boreadarum‚

127 2275 224 2330 Glauci
240 2274 310 2328 ratis
328 2273 443 2326 alterum
464 2274 545 2342 idque
562 2275 671 2342 gravius
694 2274 791 2328 multo:
818 2275 871 2329 hoc
893 2274 921 2327 in
945 2272 1099 2327 futurarum
1123 2288 1212 2328 rerum
1236 2279 1351 2333 scientia

123 2360 274 2425 nitebatur,
296 2357 364 2412 illud
386 2357 527 2412 fortuitum
545 2363 572 2411 et
595 2359 674 2426 inops
694 2359 805 2413 rationis
824 2373 856 2412 eo
874 2358 957 2426 magis
981 2357 1174 2426 putandumst,
1199 2362 1272 2427 quod
1290 2367 1350 2419 neci

123 2445 178 2499 tale
190 2443 255 2514 qnid
271 2444 300 2496 in
312 2443 463 2510 quempiam
476 2443 661 2498 decernendae
673 2459 727 2497 non
740 2442 850 2498 sufficit.
881 2443 943 2497 Nex
955 2441 1034 2496 Zethi
1052 2448 1080 2496 et
1093 2442 1209 2500 Calaidis
1221 2463 1237 2500 e
1250 2447 1349 2504 Tenio-

125 2545 185 2583 rum
202 2528 296 2582 fabula
313 2527 446 2596 provenit,
465 2528 510 2596 qui
527 2529 670 2596 adgressos
688 2542 749 2582 esse
767 2528 902 2597 quondam
915 2527 1058 2582 Herculem
1072 2527 1211 2584 Boreadas
1227 2530 1352 2587 ferebant

122 2613 220 2680 tachol.
238 2611 365 2681 Apollon.
385 2612 402 2664 l.
423 2619 468 2675 cl.
505 2613 621 2667 Causam
639 2617 667 2667 et
691 2611 820 2680 originem
845 2612 1001 2667 inimicitiae
1019 2612 1192 2668 manifestum
1209 2621 1250 2670 est
1267 2619 1351 2687 Apol·

124 2698 226 2754 lonium
244 2697 277 2751 de
295 2712 344 2750 suo
362 2711 504 2766 perperam
522 2698 674 2763 necavisse,
692 2702 722 2751 ut
740 2698 850 2752 assolet.
888 2697 1039 2752 Genuinam
1057 2698 1220 2754 narrationis
1237 2700 1351 2757 formam

125 2781 273 2850 exquirenti
294 2780 451 2834 Knaackius
475 2781 582 2835 fortiter
606 2784 741 2836 succurrit
754 2774 868 2835 ‘Herm’
889 2785 953 2836 1888
972 2797 997 2848 p.
1015 2783 1088 2835 136¹:
1115 2785 1186 2833 Man
1210 2789 1261 2836 nat
1283 2791 1351 2838 noch

31 2873 34 2879 '
124 2870 338 2928 nichtoeactteg
349 2871 413 2917 dass
426 2871 470 2916 die
492 2868 516 2914 V
515 2887 543 2917 er
541 2869 674 2935 folgung
684 2872 731 2917 des
741 2870 837 2934 Hylas
846 2871 935 2917 durata
947 2871 991 2916 die
1001 2869 1144 2917 Boreaden
1158 2872 1356 2936 beiProperal

125 2967 166 3015 20,
178 2967 208 3018 25
215 2956 251 3020 ff.
271 2956 412 3016 desecegen
430 2954 571 3019 ersunden
589 2957 632 3013 ist,
652 2971 697 3002 um
716 2956 760 3002 die
777 2956 887 3016 spitere
904 2954 1086 3019 Bestrasung
1105 2957 1245 3005 derselben
1264 2960 1352 3008 durata

126 3041 265 3088 Herakles
281 3055 313 3086 au
330 3039 503 3087 mativieren:
527 3042 578 3087 das
602 3054 661 3086 war
684 3041 743 3086 also
760 3041 789 3086 in
814 3041 863 3086 der
890 3040 1011 3101 Vorlage
1030 3041 1076 3086 des
1101 3040 1219 3102 Propera
1238 3045 1352 3102 erzdlalt,

126 3127 184 3172 und
201 3126 244 3172 die
267 3120 350 3173 Versa
372 3125 437 3171 sind
459 3140 514 3171 nur
537 3126 573 3171 im
593 3123 834 3186 Zusammenlrang·
858 3126 908 3171 mit
930 3127 1039 3172 andern
1062 3125 1277 3176 Heraklestaten
1296 3145 1354 3176 ver·

125 3209 274 3257 stdndlz'cn.
311 3204 434 3273 Amplius
452 3206 599 3274 procedere
617 3205 723 3270 licebit,
741 3213 884 3274 postquam
904 3205 1039 3275 Propertii
1057 3223 1151 3262 sersus
1170 3209 1352 3277 cognorimus.

127 3290 170 3344 lta
187 3291 258 3343 enim
275 3290 329 3353 ille,
348 3306 408 3357 cum
426 3297 609 3347 asseverasset
626 3306 655 3345 se
675 3291 761 3344 relata
778 3291 880 3345 referre
898 3308 921 3344 r.
937 3297 977 3354 17,
996 3294 1128 3359 perrexit:

278 3378 365 3426 Hunc
380 3376 497 3442 (Hylam)
515 3381 568 3426 duo
585 3381 683 3428 sectati
693 3378 818 3444 fratres,
838 3379 987 3442 Aquilonia
1003 3383 1106 3442 proles,

312 3464 386 3510 lrunc
402 3470 488 3525 super
505 3471 532 3511 et
543 3446 627 3524 Zetes,
647 3466 720 3512 hunc
738 3471 822 3526 super
840 3470 867 3511 et
883 3463 984 3523 Calais,

277 3550 370 3596 oscula
389 3552 528 3610 suspensis
546 3552 687 3598 instabant
703 3558 818 3612 carpere
832 3552 944 3612 palmis,

312 3635 403 3680 oscula
422 3640 449 3681 et
465 3637 575 3683 alterna
589 3636 675 3702 serre
692 3637 792 3697 supina
807 3635 898 3701 suga.

277 3720 327 3766 ille
343 3720 391 3765 sub
411 3725 532 3767 extrema
548 3723 674 3783 pendens
691 3722 845 3768 secluditur
862 3723 909 3768 ala

312 3809 339 3851 et
356 3806 480 3852 volucres
498 3821 573 3852 rama
591 3809 727 3854 submovet
744 3807 867 3854 insidias.

127 3882 281 3939 Osculando
305 3901 422 3939 amorem
447 3902 531 3954 puero
554 3889 727 3942 testabantur
750 3888 904 3942 Boreadael
931 3891 1046 3944 Accedit
1070 3891 1143 3958 quod
1165 3888 1354 3943 dodecathlum

127 3974 199 4022 recte
216 3969 375 4025 Kuaackius
393 3972 428 4025 ab
446 3987 479 4026 eo
497 3981 578 4040 poeta
597 3980 752 4028 enarratum
770 3972 855 4025 luisse
873 3975 1023 4038 conclusit,
1043 3989 1059 4028 a
1078 3990 1131 4043 quo
1150 3982 1177 4027 et
1194 3974 1353 4043 Apollonius

127 4057 155 4107 et
167 4053 323 4123 Propertius
337 4072 388 4110 sua
400 4060 516 4112 mutuati
529 4066 627 4113 essent.
658 4052 953 4113 Rhiani⁴Heracleam‘
969 4060 1074 4128 utrique
1086 4059 1233 4113 conicimus
1245 4066 1353 4127 praesto

126 4137 211 4193 fuisse
228 4142 264 4196 ob
281 4143 412 4210 puerilem
425 4159 543 4198 amorem
555 4144 596 4198 rel
615 4144 642 4197 in
655 4145 766 4199 heroum
780 4144 834 4196 vita
847 4144 1020 4212 moribusque
1038 4160 1055 4197 a
1068 4144 1174 4199 Rhiano
1188 4159 1355 4213 expressum.

127 4222 168 4278 cf.
186 4223 363 4282 Wilamowitz
379 4223 535 4283 ‘Herakles'
559 4230 570 4282 l
589 4246 617 4297 p.
632 4229 707 4282 310⁸⁰
725 4235 752 4282 et
769 4244 856 4296 supra
874 4247 900 4297 p.
915 4232 974 4283 322.

151 4364 156 4369 ¹
176 4378 283 4432 Philolog.
297 4385 497 4440 Uutersuehuugen
511 4387 565 4430 XII.
1173 4387 1204 4437 22
