3174 5160
417 362 491 417 VIIl.
512 363 562 417 DE
581 363 650 418 000
669 362 871 417 POETARUM
892 363 1094 419 SODALIOIO.
1309 361 1371 427 331

139 537 245 602 sulam
276 537 346 600 eius
374 537 538 602 transferri
568 543 600 601 et
628 543 761 602 mortem
791 544 824 602 et
853 538 1055 602 memoriam:
1084 538 1149 620 ipsi
1177 535 1296 601 Rhodii
1320 539 1373 602 vel

139 637 321 704 accuratius
344 636 543 719 Diagoridae
565 638 678 719 Ialysii
708 639 791 703 ultro
814 638 1004 712 offeruntur,
1032 657 1114 721 quae
1137 658 1216 719 gens
1238 638 1279 702 ab
1303 638 1372 702 Ari-

140 747 295 818 stomene,
316 731 527 803 ‘Graecorum
544 745 576 803 et
591 739 765 805 fortissimo
783 746 815 804 et
829 731 977 822 optimo',
994 744 1150 823 perpetua
1166 739 1374 805 continuitate

140 860 213 906 sese
236 839 353 905 deduci
376 841 584 922 gloriabatur.
630 840 736 907 Rhodi
766 843 794 907 si
823 861 886 906 non
914 841 1078 925 pepigisse
1102 842 1259 922 carmina,
1287 847 1373 906 certe

141 949 288 1008 versatus
311 960 383 1007 esse
405 961 464 1025 per
486 944 637 1026 temporis
659 943 859 1025 aliquantum
883 943 1027 1008 Rhianus
1049 944 1142 1008 nobis
1165 943 1303 1007 videtur.
1348 942 1374 1005 Ε

141 1063 237 1110 servo
260 1043 316 1109 ille
340 1050 372 1108 et
394 1043 477 1108 liber
499 1050 532 1109 et
555 1045 642 1128 apud
665 1044 750 1110 (loos
772 1045 932 1110 litteratus
954 1045 1004 1109 vir
1027 1064 1099 1110 cum
1122 1062 1277 1128 prospere
1300 1063 1373 1108 eva·

141 1145 249 1226 sisset,
273 1164 337 1226 qua
365 1146 490 1211 ratione
520 1146 691 1229 postmodo
721 1147 895 1229 quaesierit
924 1147 1061 1229 victum,
1090 1146 1282 1210 divinamus.
1328 1145 1375 1210 Ac

140 1247 450 1330 praestantissimum
474 1248 563 1329 quod
579 1257 726 1332 superest
741 1249 954 1331 fragmentum
977 1252 1020 1330 (p.
1040 1251 1100 1313 199
1112 1248 1167 1323 Μ.)
1190 1266 1296 1312 nonne
1320 1247 1374 1311 ob·

139 1349 241 1414 tuenti
264 1349 422 1414 incertam
453 1357 570 1432 poetae
597 1350 705 1434 prodit
734 1350 956 1416 condicionem
980 1350 1067 1414 vitae
1089 1356 1187 1431 atquc
1209 1349 1375 1434 inopiam?

713 1450 844 1533 βιότοιο
867 1450 927 1531 μὲν
951 1442 988 1526 ὅς
1010 1443 1040 1513 κ’
1068 1447 1224 1535 ἐπιδευής

314 1553 523 1636 στρωφᾶται,
547 1551 755 1636 μακάρεσσιν
779 1549 835 1617 iol
859 1551 969 1635 ψόγον
992 1549 1087 1617 αἰνὸν
1110 1550 1225 1616 ἰάπτει

314 1643 501 1732 ἀχνύμενος,
527 1658 689 1740 σφετέρην
713 1649 745 1718 d'
772 1647 891 1740 ἀρετὴν
914 1655 970 1719 καὶ
992 1651 1103 1735 θυμὸν
1127 1646 1244 1732 ἀτίζει,

314 1745 392 1818 οὗόέ
413 1779 447 1818 τι
468 1757 662 1837 θαρσαλέος
685 1760 791 1821 νοέειν
813 1754 896 1830 ἐ’ττος
918 1749 997 1820 οὐδέ
1017 1782 1051 1820 τι
1075 1753 1206 1841 ῥέξαιῑ),

315 1853 463 1939 ἕρριγώς,
487 1848 550 1922 ὅθι
572 1851 604 1922 τ’
632 1853 751 1939 ἄνδρες
774 1857 958 1939 ἒχεκτέανοι
981 1861 1171 1944 παρέιοσιν·

310 1962 368 2021 καί
391 1957 424 2021 οἱ
447 1957 560 2040 θυμὸν
583 1958 697 2024 ἐ’ὁονσι
719 1964 882 2045 κατηφείη
905 1961 960 2024 καὶ
984 1952 1083 2037 ὀιζύς.

226 2058 382 2142 Ithomae,
406 2061 586 2128 Messeniae
610 2065 642 2127 in
658 2065 748 2144 urbe,
773 2063 863 2144 degit
878 2064 1013 2128 fortasse
1029 2062 1204 2144 aliquando
1219 2061 1374 2146 Rhianus‚

141 2162 302 2244 siquidem
325 2161 535 2246 Ithomatam,
565 2167 671 2231 civem
695 2166 944 2247 Messeniacum‚
974 2184 1045 2229 eum
1077 2165 1147 2249 sive
1169 2163 1225 2227 alii
1249 2164 1318 2228 sive
1340 2183 1375 2228 se

141 2265 210 2346 ipse
234 2265 406 2338 (nescimus
429 2266 495 2340 ubi)
518 2269 751 2333 nominaverat.
789 2267 881 2331 Alius
905 2285 1000 2349 porro
1023 2265 1177 2331 domicilii
1202 2264 1373 2346 vestigium

141 2366 174 2429 in
196 2365 366 2448 biographi
394 2367 468 2432 Vita
490 2368 665 2434 delitescit:

345 2485 439 2552 Sum.
457 2508 481 2552 s.
499 2509 529 2552 v.
906 2486 1031 2551 Sumen.
1055 2507 1079 2551 s.
1096 2507 1126 2551 v.
1151 2482 1250 2570 Βήνη.

137 2597 272 2682 Ῥιανός,
289 2601 307 2667 ὃ
323 2606 377 2668 καὶ
395 2603 495 2690 Κρής,
513 2595 558 2669 ὢν
576 2612 729 2690 Βηναῖος.
783 2603 820 2669 τὸ
840 2601 976 2669 ἐθνικὸν
989 2611 1143 2690 Βηναῖος.
1172 2599 1298 2680 Ῥιανὸς
1312 2603 1375 2688 γὰρ

139 2705 227 2781 τινὲς
268 2705 304 2770 δὲ
338 2709 520 2793 Ιίεραΐτην,
562 2702 658 2772 ἄλλοι
696 2706 732 2771 δὲ
785 2703 969 2793 ὃποιητης
986 2713 1129 2791 Βηναῖος
1144 2691 1183 2791 ἦν
1205 2695 1226 2793 ἢ
1248 2704 1376 2788 Κερεά-

137 2800 283 2893 Ἰθώμης
315 2810 375 2895 της
408 2807 592 2896 Μεσσήνης
631 2802 732 2874 αὐτὸν
785 2834 843 2895 της
866 2799 886 2891 ἢ
909 2806 1008 2894 Κρής.

142 2908 332 2995 ἱστόρησαν.

142 3010 228 3088 Quid
251 3013 292 3077 de
321 3015 489 3100 Κεραΐτης
520 3016 589 3079 sive
620 3012 789 3099 Κερεάτης
810 3002 831 3098 ἢ
854 3010 945 3098 Κρής
975 3012 1156 3077 faciendum
1182 3020 1281 3092 esset,
1313 3011 1375 3078 sibi

142 3115 322 3180 suboluisse
338 3115 521 3180 Meinekius
538 3116 621 3180 dixit
636 3135 668 3200 p.
687 3119 801 3198 172sq.
832 3113 892 3176 Ex
906 3109 1104 3196 gentilitiis
1121 3109 1195 3174 i'llis
1210 3115 1377 3198 Κεραῒτης

143 3218 176 3276 et
196 3213 379 3302 Κερεάτης,
404 3215 555 3278 alterum
579 3216 628 3277 ad
647 3221 772 3298 Κερέα,
804 3213 900 3277 illud
919 3219 1035 3276 autem
1059 3214 1108 3275 ad
1127 3220 1256 3294 Κεραία
1280 3213 1378 3278 ducii

143 3365 175 3379 ..
198 3323 305 3403 Κερέα
328 3337 451 3380 nomen
474 3339 544 3380 νιονι
568 3315 706 3379 inim
738 3315 873 3379 decrerit
893 3314 1067 3401 quispiam
1090 3315 1326 3380 ιονινιινιιίανι
1345 3323 1378 3380 el

132 3418 273 3503 fulciri
291 3439 327 3481 eo
349 3419 444 3503 quod
455 3416 658 3482 Pausanias
682 3418 776 3481 VIII
787 3441 837 3497 34,
852 3439 868 3497 5
892 3415 1091 3502 Apollinem
1108 3418 1275 3506 Κερεάτην
1291 3441 1375 3482 ιονι-

142 3526 315 3595 memorat,
339 3520 441 3583 αἰιινι
464 3520 505 3582 ab
526 3519 723 3583 Arcadibus
748 3520 890 3592 cultum,
915 3517 1041 3603 quibus
1063 3542 1139 3582 ιιιαι
1157 3521 1376 3583 Cretensibus

142 3622 272 3687 νιινιιιιι
289 3628 330 3686 ut
344 3620 383 3684 in
395 3620 479 3684 aliis
495 3622 596 3684 rebus
613 3620 662 3684 i'to
676 3620 780 3684 etium
797 3621 835 3683 ιἰι
849 3619 907 3694 eis,
924 3641 1014 3704 quae
1029 3621 1228 3683 arideorum
1244 3622 1376 3685 cultum

142 3730 310 3809 spectant,
341 3744 545 3786 consensum
566 3722 689 3807 fuisse
720 3722 857 3786 ιιιῑιιιιιο.
912 3725 1082 3788 lubricum
1112 3725 1192 3789 illud
1222 3724 1377 3789 Meinekii

142 3834 365 3911 argumentum
389 3840 421 3893 et
443 3830 576 3893 mirilico
606 3829 769 3893 incertum.
813 3825 898 3903 Quid
924 3827 1008 3890 enim
1033 3826 1238 3893 Pausanias?
1267 3823 1376 3909 τούτῳ

142 3927 203 4010 μὲν
231 3925 270 4014 δὴ
299 3929 464 4005 (Carnioni
490 3929 600 4004 fluvio)
625 3928 659 3993 αἱ
689 3929 793 4014 πηγαὶ
822 3929 881 4011 γης
910 3925 977 3991 εἰσι
1005 3928 1064 4012 τῆς
1093 3924 1279 4009 Αἰγύτιδος
1307 3921 1374 3992 ὑπὸ

142 4031 202 4094 τοῦ
223 4011 441 4106 Ἀπόλλωνος
463 4033 522 4095 τοῦ
545 4029 698 4114 Κερεάτα
726 4027 763 4095 τὸ
790 4026 888 4111 ἱερόν.
927 4030 986 4095 His
1009 4050 1067 4114 pro
1091 4037 1178 4095 certo
1201 4049 1295 4094 nemo
1319 4031 1376 4095 eli·

143 4135 244 4198 cuerit
270 4131 444 4216 Κερεάτας
474 4153 651 4217 cognomen
683 4133 743 4197 deo
774 4133 815 4196 ab
845 4131 923 4196 urbe
953 4131 1090 4196 inditum
1112 4133 1221 4197 fuisse.
1267 4128 1376 4209 Quid?

146 4257 347 4270 ..n—*—

227 4317 249 4382 ¹)
266 4319 307 4374 cl.
326 4319 404 4373 Atat.
424 4334 447 4370 v.
463 4321 511 4371 460
532 4309 593 4372 οὐδ’
612 4313 652 4371 ἔτι
672 4313 837 4385 θαρσαλέος
853 4316 958 4370 κείνων
975 4309 1032 4384 ἐγώ
1051 4318 1145 4382 (supra
1162 4330 1188 4382 p.
1202 4317 1252 4378 52).
