3174 5160
462 378 510 433 lx.
530 378 766 433 EPIMENIDEA
785 379 834 432 ET
852 379 1123 434 ARCHILOCHEA.
1348 381 1410 440 353

174 551 360 634 Adscripsit
382 570 412 615 v.
432 555 513 617 1009
543 552 721 618 scholiasta
748 551 945 619 Marcianus:
975 545 1030 639 ῆχί
1057 577 1093 617 τε
1120 551 1294 641 κείουσιν-]
1325 547 1411 640 dap}

174 645 369 730 αὐλίζονται
391 652 447 715 καὶ
469 649 680 731 καθέζονται,
705 645 767 716 ἀπ’
795 645 897 718 αὐτοῦ
920 652 1025 718 πόλιν
1048 653 1211 740 α’ίρονται,
1234 658 1288 722 καὶ
1313 679 1410 743 περι·

173 757 395 820 πετασθέντα
411 751 516 818 πόλιν
539 745 596 818 ἐπ’
622 746 701 821 αὐτὸ
727 753 757 819 εἰ
771 749 1019 841 ὑποστρέφοιεν
1035 748 1166 820 εύδινδν
1188 753 1225 822 τὸ
1249 759 1328 844 περὶ
1351 755 1410 823 τόν

175 849 259 943 όέρα
283 855 479 943 κατάστημα
506 854 662 940 γίνωσκε·
683 854 869 939 χαιρόντων
896 853 960 942 γαρ
984 857 1196 923 αἱτοιαῦται
1219 860 1330 945 φωναί
1353 862 1410 925 καὶ

171 956 338 1047 κινήσεις,
369 955 652 1046 έκθαρσησύντων
684 961 725 1044 ap*
752 955 963 1044 καθαρότητι
996 962 1055 1024 τού
1092 952 1220 1042 depos&
1254 952 1408 1040 οῧτως“’).

174 1060 327 1148 δηλῶσαι
355 1052 518 1147 ἠθέλησε,
549 1071 651 1125 ποῖον
682 1059 818 1142 δένδρον
848 1059 985 1147 ε’ίρηκεν.
1030 1061 1117 1146 λέγει
1138 1059 1201 1146 γὰρ
1221 1054 1330 1129 ςὅπου
1357 1069 1409 1130 τί·

172 1154 337 1243 κτουσιν’,
362 1155 431 1228 ἆπδ
461 1165 521 1228 τοῦ
543 1167 660 1227 τεκείω
683 1160 832 1248 ῥήματος
861 1159 960 1248 [ὅπου
988 1161 1217 1250 τίκτουσιν]“).
1269 1163 1344 1248 ἐμοὶ
1374 1165 1409 1231 δέ

173 1263 267 1330 δοκεῖ
287 1265 416 1347 μᾶλλον
437 1267 664 1344 «κείουσιν»“)
695 1256 769 1330 ἀντὶ
791 1267 851 1329 τού
872 1267 1072 1347 κοιμῶνται,
1096 1257 1165 1331 ἆπό
1189 1268 1249 1332 τοῦ
1270 1271 1366 1333 κείω·
1390 1262 1407 1332 ό

173 1366 210 1432 δέ
225 1369 264 1432 τέ
280 1365 473 1449 σύνδεσμος,
496 1359 544 1432 ἵν’
562 1352 699 1452 ΙῆἽίπου
715 1368 771 1431 καὶ
786 1365 846 1451 τῆν
860 1371 973 1453 κοίτην
990 1365 1100 1448 έχουσι
1115 1368 1172 1432 καὶ
1187 1359 1300 1454 [ὅπου]
1317 1363 1409 1435 αὖλί-

174 1467 289 1548 ζοντοιι
310 1471 367 1534 καὶ
389 1471 449 1554 τῆς
463 1467 619 1557 πτήσεως
634 1461 830 1534 παύονται).
868 1467 906 1536 τό
930 1467 993 1555 γὰρ
1015 1462 1281 1552 «ἇπτερύονται»
1305 1471 1409 1537 οἱονεὶ

171 1569 408 1656 <πίτονται>’”)
445 1568 488 1635 τὰ
519 1567 626 1654 πτερὰ
661 1559 941 1657 χαλάσαντεςξῆ
971 1568 1008 1637 τό
1038 1564 1302 1652 «όιπτερόονται»
1333 1565 1407 1638 όντὶ

171 1675 234 1739 τοῦ
257 1673 445 1739 διασείουσι
467 1670 528 1750 τὰς
549 1676 716 1759 πτέρυγας
736 1668 1029 1756 ὑποστρέψαντες·
1053 1672 1240 1739 διακινοῦσι
1261 1671 1324 1759 γὰρ
1346 1673 1408 1752 τὰς

171 1780 341 1860 πτέρυγας
362 1769 438 1864 ῆτοι
453 1768 514 1862 ὑφ’
539 1769 671 1861 ἡδονῆς,
694 1770 753 1862 τῆν
768 1777 882 1860 κοίτην
896 1773 1149 1857 καταλαβόντες,
1173 1764 1268 1862 ῆτῆν
1291 1775 1326 1842 ἐκ
1347 1779 1408 1843 τού

172 1871 273 1961 δέρος
296 1876 570 1955 διατινόσσοντες
593 1875 727 1960 ἰκμάδα.
771 1877 826 1942 καὶ
849 1868 933 1958 παρ’
958 1868 1139 1963 Ἀρχιλόχῳ
1161 1869 1260 1970 ηὗρ’
1286 1872 1408 1967 ἡδονῆς

172 1980 377 2068 σαλευομένη
400 1979 538 2066 κορώνη,
562 1971 678 2063 ὥσπερ

897 2107 1045 2201 κηρύλος,
1087 2098 1090 2105 ’

248 2225 253 2235 “
327 2222 452 2304 πέτρης
474 2217 532 2283 ἐπὶ
554 2217 745 2303 προβλῆτος
769 2208 1049 2302 ἇπτερύσσετοω).

170 2351 208 2420 τό
233 2353 270 2419 δὲ
300 2348 532 2439 «ὑπότροποι»
561 2346 631 2419 ἆπδ
659 2354 718 2418 τού
746 2354 849 2435 νομοῦ
878 2351 983 2417 πόλιν
1012 2347 1058 2429 cic
1087 2351 1146 2419 ἐπὶ
1174 2351 1233 2438 τῆν
1261 2360 1406 2443 sotacus

171 2452 450 2538 ἀπτερύονται]”)
480 2460 674 2542 προσέθηκε
701 2451 739 2519 τό
763 2479 785 2519 α
809 2451 865 2519 διὰ
894 2452 933 2520 τό
963 2459 1094 2541 μέτρον.
1139 2454 1339 2540 πτερύσσειν
1369 2457 1405 2523 δὲ

172 2556 424 2641 ἑτυμολοχεῖται
439 2556 543 2622 οἱονεὶ
559 2563 779 2640 πτεροσείειν.
811 2557 957 2624 Coniecit
969 2552 1015 2623 ‘in
1030 2551 1240 2625 Archilocho'
1266 2560 1405 2625 «σαλευ-

170 2663 273 2746 μένην
296 2659 479 2726 hleiuekius
502 2661 668 2740 inutiliter,
692 2659 747 2742 qui
768 2660 896 2725 nonnisi
919 2659 1162 2725 Bekkerianum
1185 2669 1320 2728 noverat
1341 2664 1405 2729 sru-

170 2764 290 2828 stulum
322 2762 497 2846 plaudente
527 2761 679 2844 Bergkio.
730 2762 798 2828 Nos
832 2762 998 2827 serendam
1031 2762 1209 2828 orationem
1243 2783 1314 2830 esse
1343 2767 1405 2831 rati

170 2864 253 2929 nihil
275 2864 413 2930 traditae
434 2865 606 2930 verborum
628 2864 724 2929 faciei
747 2862 917 2929 detrahere
939 2863 1110 2930 voluimus.
1147 2864 1187 2929 Id
1201 2873 1308 2932 autem
1331 2887 1405 2933 eon·

170 2967 278 3033 festim
292 2967 441 3050 patescit,
464 2964 652 3031 Archilochi
668 2966 846 3047 fragmento
865 2969 923 3029 141
941 2965 1076 3046 Bergkii
1092 2967 1195 3049 ipsam
1220 2987 1290 3033 eam
1307 2990 1403 3052 quam

169 3069 358 3134 felicissime
372 3069 636 3152 recuperavimus
647 3068 763 3149 attingi
780 3068 975 3132 memoriam.
1003 3067 1118 3132 Exstat
1133 3069 1214 3133 illud
1230 3071 1263 3135 in
1278 3071 1405 3137 erudita

170 3170 302 3236 Aeliani
318 3168 592 3254 disputatiuncula
604 3163 658 3233 Ἤ.
672 3159 718 3233 A?
735 3168 800 3232 XII
812 3173 846 3233 9:
863 3170 879 3231 ὁ
899 3167 934 3232 δὲ
947 3167 1077 3251 κίγκλος
1089 3166 1173 3252 ζῆλόν
1190 3166 1261 3235 ἔστι
1276 3168 1405 3257 πτηνὸν

171 3263 318 3345 ἆσθενές
339 3267 381 3333 τὰ
409 3268 554 3336 κατόπιν
577 3281 743 3335 κινεῖ
772 3266 871 3332 δὲτὰ
903 3261 1023 3350 ούραῑα
1053 3269 1178 3350 πτερά,
1208 3268 1322 3357 ὥσπερ
1346 3270 1404 3338 ούν

169 3366 187 3435 ὁ
211 3369 307 3456 παρὰ
330 3373 379 3456 τη]
401 3364 582 3458 Ἀρχιλόχῳ
610 3370 759 3457 κηρύλος.
805 3372 978 3438 Praeterea
999 3373 1086 3456 apud
1110 3373 1308 3456 Hesychium
1330 3385 1405 3459 post

170 3478 312 3559 glossam
335 3466 544 3549 ἆπταυτίτας
573 3474 655 3540 haee
685 3475 797 3540 ordine
820 3475 983 3556 leguntur:
1014 3466 1279 3560 ἇπταρύσσεται]
1303 3479 1402 3540 πέτε-

259 3728 289 3792 ¹⁸)
308 3717 401 3792 ούτως
418 3726 515 3793 scripsi
533 3730 561 3779 et
578 3741 596 3779 a
614 3726 791 3794 sequentibus
810 3725 938 3778 discrevi:
959 3715 1045 3790 οὗτος
1063 3727 1230 3781 Marcianus.

230 3843 232 3850 ·
259 3812 289 3875 ¹⁷)
307 3810 475 3880 Interpolata
492 3809 599 3864 seclusi.

263 3898 294 3962 ¹⁸)
311 3895 472 3950 addendum
484 3895 536 3949 hcc
548 3896 700 3964 exemplum
720 3899 762 3950 est
774 3895 816 3961 iis,
828 3910 899 3963 quac
912 3912 938 3964 p.
954 3900 1003 3950 190
1015 3900 1043 3950 et
1055 3900 1103 3949 241
1116 3896 1137 3928 ¹²
1150 3896 1287 3963 persecuti
1299 3911 1401 3951 sumus.

260 3980 291 4046 ¹⁹)
308 3980 435 4050 Supplevi
454 3995 487 4034 ex
504 3979 640 4048 Hesychio
659 3997 680 4034 s.
700 3997 740 4034 a:
760 3978 795 4035 cf.
814 3981 936 4036 inlerios.

258 4066 295 4130 ²⁰)
310 4064 351 4121 cf.
369 4065 528 4119 Archilochi
547 4066 630 4134 epigr.
648 4065 714 4119 XIX
726 4066 776 4118 B.:

443 4172 514 4239 συκῆ
531 4169 652 4239 πετραίη
671 4162 780 4231 πολλὰς
797 4158 949 4237 βόσκουσα
967 4163 1109 4236 κορύνας,

475 4247 578 4323 εὐήθης
597 4255 696 4319 ξείνων
714 4253 828 4322 δέκτρια
849 4254 998 4324 Πασιφίλη.

255 4338 287 4401 ²¹)
305 4337 415 4392 Seiunxi
432 4338 537 4391 lemma.

205 4432 209 4438 ·
222 4421 332 4476 Philolog.
345 4421 546 4475 Uutersuchungen
559 4422 612 4466 ΧΠ.
