3174 5160
456 369 489 423 V.
508 368 558 422 DE
577 370 690 423 ARATI
708 369 870 425 SCRIPTIS
888 370 1120 429 DEPERDITIS.
1340 373 1403 432 247

171 547 262 626 Περί
283 563 321 606 τε
332 535 475 625 Ὁμήρου
494 541 551 605 καὶ
562 533 703 618 Ἰλιάδος
717 541 939 628 (διόρθωσιν)
955 535 1005 628 [οὗ
1021 542 1180 625 μόνοντὰ
1198 544 1405 630 Φαινόμενα]

169 646 229 710 καὶ
245 637 483 728 Ἀστρολογίαν
498 635 573 708 κτλ.’
615 644 753 728 Scripsit
767 649 879 709 ΠΕΡΙ
896 647 1105 725 ΟΜΗΡΟΥ,
1129 656 1164 712 ut
1178 648 1405 715 Athenodorus

169 748 282 830 frater,
294 745 467 812 Cleanthes
475 746 573 827 (Περὶ
585 747 645 810 τοῦ
655 747 823 832 ποιητοῦ),
837 747 924 813 Zeno
932 746 1173 834 (Προβλήματα
1182 743 1353 836 Ὁμηρικά)
1382 754 1403 827 ).

171 852 224 915 An
247 849 363 914 mirum
386 847 458 929 hoc,
481 848 515 912 in
537 847 662 913 editore
683 848 898 932 praesertim?

264 1120 436 1186 Librorum
450 1119 543 1185 Arati
566 1119 738 1185 laterculos
761 1119 953 1202 adponimus
971 1127 1092 1205 aperta,
1116 1128 1273 1202 quatenus
1288 1107 1323 1186 id
1337 1120 1407 1188 fieri

172 1229 292 1307 potest,
305 1221 528 1305 dispositione.
559 1219 747 1286 Maiusculis
758 1221 868 1286 titulos
880 1221 1034 1287 seriorum
1047 1223 1261 1304 designamus.
1288 1222 1407 1304 Unum,

121 1383 126 1389 .
174 1325 299 1409 quippe
322 1323 409 1406 quod
431 1324 525 1389 tollat
539 1321 776 1389 cohaerentiam
793 1330 979 1406 ceterorum,
1003 1327 1092 1391 uncis
1116 1319 1142 1410 [l
1166 1311 1351 1389 inclusimus
1374 1333 1408 1389 ut

175 1428 236 1493 illa
257 1426 336 1492 sede
358 1425 586 1490 adventicium.

262 1549 291 1609 1.
315 1543 432 1609 Suidas
455 1564 479 1609 s.
504 1564 535 1609 v.
558 1535 708 1628 Ἀρατος.

305 1643 466 1721 Συνέταξε
489 1643 524 1708 δέ
548 1643 665 1728 βιβλία
687 1646 802 1707 ταῦτα.
847 1641 888 1707 τὰ
915 1641 1123 1724 Φαινόμενα,
1147 1637 1192 1708 ὦν
1214 1638 1410 1726 θαυμάσιος

303 1741 321 1831 ἡ
347 1742 480 1833 εἰσβολὴ
504 1748 558 1810 καί
582 1739 713 1832 δζηλος
726 1739 910 1832 Ὁμηρικός.
930 1783 964 1790 -
988 1748 1198 1811 ΥΜΝΟΥΣ·
1223 1744 1282 1823 Εἰς
1297 1749 1407 1811 Πᾶνα.

304 1847 575 1935 Σπονδοφάρους.
592 1885 634 1894 -
650 1850 871 1912 ΠΑΙΓΝΙΑ.
887 1883 929 1892 -
943 1839 1179 1931 Ἀστρολογίαν
1202 1850 1256 1913 καὶ
1272 1841 1409 1935 Ἀστρο-

305 1948 650 2015 &actua->Idaeam
660 1947 844 2034 φαρμάκιον
854 1950 1026 2033 θηριακιῦν
1035 1947 1238 2036 ἐπιτηδείαν.
1255 1942 1407 2035 Ἀνθρω-

303 2058 476 2136 πογονίαν.
500 2089 542 2098 -
560 2045 786 2117 Ἑπιθυτικάν.
810 2089 851 2096 -
876 2049 933 2126 Εἰς
965 2050 1178 2131 Θεόπροπον.
1217 2051 1276 2129 Εἰς
1299 2046 1407 2117 Ἀντί-

302 2178 408 2239 γονον.
432 2191 473 2200 -
491 2146 708 2229 Ἠδοποιίας
731 2190 773 2198 -
796 2154 1084 2217 ΕΠΙΣΤΟΛΑΣ.
1108 2191 1149 2198 -
1172 2157 1409 2219 ΕΠΙΓΡΑΜ-

304 2260 384 2321 ΜΛ
390 2260 470 2321 ΤΑ·
495 2255 553 2331 Είς
572 2257 680 2321 Φίλαν
702 2253 761 2338 την
776 2258 947 2338 θυγατέρα
969 2247 1207 2340 Ἀντιπάτρου,
1231 2259 1358 2342 μητέρα
1369 2257 1409 2332 (λ)

306 2351 338 2422 δ’
372 2351 570 2442 Ἀντιγόνου,
624 2350 838 2443 [Ἀνατολήν.]
885 2354 944 2431 Εἷς
973 2360 1171 2420 Παυσανίαν
1200 2353 1259 2421 τὸν
1289 2361 1409 2421 Μακε-

307 2459 399 2525 δόνα.
411 2497 452 2504 -
461 2454 668 2546 Ἑπικήδειον
681 2455 926 2540 Κλεομβρότου.
941 2494 979 2502 -
992 2456 1192 2541 Διόρθωσιν
1204 2451 1408 2534 Ὀδυσσείας.
1490 2450 1493 2461 ’

307 2584 346 2608 -·-
370 2563 668 2644 (ΕΠΙΣΤΟΛΑΣ
688 2555 815 2641 ὁμοίως
837 2558 1088 2646 καταλογάδην).

180 2665 265 2733 Ordo
289 2665 412 2749 priscus
436 2664 671 2747 quadamtenus
695 2663 874 2745 dispicitur,
898 2663 958 2728 etsi
981 2663 1098 2728 misere
1121 2663 1279 2728 confusus.
1317 2662 1409 2740 Quae

181 2768 220 2833 ad
233 2756 492 2832 ‘Phaenomena'
511 2771 661 2830 notantur
676 2764 717 2830 de
734 2764 914 2829 imitatione
930 2764 1074 2847 Homeri,
1098 2763 1255 2830 Boethum
1272 2765 1407 2830 stoicum

180 2869 324 2935 redolent
346 2868 398 2944 (cl.
420 2886 452 2949 p.
472 2868 640 2950 152sqq.);
664 2861 903 2931 ‘admirabilem
927 2867 1053 2931 exordii
1076 2858 1190 2931 artem'
1217 2864 1305 2948 apud
1327 2867 1408 2931 anti·

181 2970 350 3054 quissimus
365 2969 457 3035 Arati
473 2970 663 3052 interpretes
679 2969 798 3034 stoicos
812 2988 844 3051 p.
861 2971 898 3030 21
910 2988 979 3049 sqq.
1003 2968 1055 3043 (cl.
1071 2988 1141 3050 cap.
1159 2968 1213 3042 Vl)
1230 2967 1406 3051 deprehen·

182 3072 294 3139 dimus.
332 3071 469 3138 Possit
483 3070 626 3136 Boethus
642 3070 782 3152 catalogi
799 3070 951 3134 librorum
975 3089 1046 3134 esse
1062 3069 1265 3152 compositor,
1289 3070 1406 3152 epistu-

185 3173 287 3240 larum
312 3173 428 3239 scriem
451 3173 661 3255 posteriorem
684 3173 711 3237 si
734 3172 901 3236 exemeris.

264 3295 294 3356 a.
318 3290 463 3358 scurrus
485 3312 516 3374 p.
534 3295 573 3353 55
597 3290 645 3355 w.

298 3385 447 3477 Ἔγραψε
481 3390 516 3455 δέ
549 3392 605 3454 καὶ
641 3382 726 3452 άλλα
762 3381 975 3477 [ποιηματα]’
1007 3394 1094 3473 Περί
1123 3412 1159 3453 τε
1186 3383 1329 3476 Ὁμήρου
1352 3391 1406 3455 καὶ

305 3486 445 3569 Ἰλιάδος
466 3492 691 3577 (dedecuere,-
714 3492 894 3577 Odysseam
910 3513 941 3576 p.
960 3496 1000 3555 54
1016 3489 1342 3576 commemoraverat>
1357 3483 1408 3576 [οὗ

309 3596 413 3679 μόνον
435 3593 477 3659 τὰ
496 3591 701 3678 Φαινόμενα]
725 3596 782 3657 καὶ
798 3586 1033 3677 Ἀστρολογίαν
1056 3594 1111 3658 καὶ
1123 3585 1285 3675 Ἰατρικὰς
1308 3592 1408 3658 δυνά-

308 3720 383 3780 μεις
415 3700 470 3762 καὶ
500 3695 559 3772 Εἰς
588 3699 688 3762 Πᾶνα
721 3688 823 3778 ¹‘rr‘prov
858 3696 912 3758 καί
942 3693 1001 3769 Εἰς
1030 3693 1144 3779 Μάριν
1172 3693 1231 3759 τὸν
1259 3689 1407 3780 ἀδελφὸν

308 3797 498 3880 ἐπικήδειον
521 3800 575 3863 καὶ
598 3803 790 3884 Διοσημίας
811 3797 865 3859 καὶ
892 3795 1033 3861 Θυτικδν
1056 3800 1111 3862 καὶ
1134 3801 1274 3861 ΚΑΤΑ
1289 3801 1409 3862 Affl-

313 3904 412 3967 TON
432 3896 526 3966 ἄλλα.
558 3897 837 3983 ἐπιτετευγμένως
854 3890 884 3960 δ’
906 3891 995 3982 αὕτη]
1012 3896 1138 3986 ἐγράφη
1154 3896 1195 3962 τά
1215 3897 1410 3979 Φαινόμενα

309 4054 317 4070 .
334 4053 342 4068 .
359 4054 367 4067 .
384 3999 455 4079 (τὰς
478 3999 508 4066 δ’
527 3996 667 4089 Ἀράτου
683 4003 966 4066 ΕΠΙΣΤΟΛΑΣ
979 4051 986 4066 .
1004 4049 1012 4063 .
1029 4000 1165 4064 πάντων
1188 3997 1303 4080 σχεδὸν
1327 4022 1410 4082 συμ-

309 4104 510 4191 φωνούντων
537 4102 599 4180 τὰς
627 4103 675 4179 είς
706 4097 806 4169 αὐτὸν
837 4096 1090 4189 ἀναφερομένας
1119 4095 1220 4166 αὐτοῦ
1244 4097 1409 4166 εἶναικαὶ

267 4324 301 4388 ²¹)
320 4323 435 4378 Kriscm
449 4319 568 4377 ‘Lehren
586 4323 633 4377 der
651 4321 752 4389 griech.
772 4314 895 4374 Denlrer'
914 4336 941 4388 p.
955 4323 1013 4385 433,
1032 4319 1220 4373 Wachsmuth.
1239 4319 1253 4372 l
1271 4336 1298 4388 p.
1311 4319 1397 4373 XVII.
