3174 5160
402 340 475 396 VIII.
494 342 545 395 DE
564 342 632 396 CCO
651 342 857 396 POETARUM
874 343 1078 399 SODALICIO.
1297 343 1359 402 313

124 512 310 596 adprobari.
357 514 451 581 Unde
480 516 657 581 certissime
686 516 906 582 concludimus
935 519 999 581 iam
1028 518 1060 580 in
1089 518 1263 582 vetustiore
1288 518 1362 584 Vita

125 617 254 699 utrique
276 618 437 682 communi
459 614 705 700 σάνγονσς(-οι)
732 624 764 683 et
791 638 855 684 non
886 616 1043 692 σύντονος
1068 619 1185 683 lectum
1207 618 1306 684 fuisse
1329 628 1362 684 et

125 717 170 783 ad
192 719 277 785 caeli
300 719 517 801 cognitionem
539 727 735 784 revocatum.
773 721 918 785 Tertium
941 726 1057 786 testem
1076 720 1289 802 adlungimus.
1324 723 1362 786 In

125 820 231 885 fronto
251 813 425 902 ‘Isagogae
456 839 497 885 ex
526 821 600 886 aliis
630 820 762 888 scholiis
791 813 1014 904 depromptae'
1045 842 1076 905 p.
1102 826 1161 886 165
1185 823 1296 888 Petav.
1320 859 1362 868 —

126 923 168 988 de
184 943 250 1006 qua
272 924 312 989 cf.
328 942 359 1006 p.
379 926 418 987 12
434 922 579 987 —idem
595 922 787 988 Callimachi
808 925 1008 1006 epigramma
1031 923 1153 990 huncce
1177 926 1208 989 in
1231 925 1361 990 modum

126 1025 309 1107 attingitur:
341 1021 442 1088 καλὸν
465 1020 550 1087 κατὰ
572 1020 632 1089 τόν
655 1029 844 1110 Κυρηναῖον
867 1021 1088 1107 ἀμείψασθαι
1109 1028 1158 1108 api
1189 1024 1275 1110 λόγῳ
1305 1023 1362 1089 τὸν

127 1118 269 1209 Ἀράτου
291 1123 408 1205 πόνον,
432 1123 469 1191 ὃν
493 1122 696 1211 introcat)

256 1219 376 1313 ἥμενος
397 1221 488 1306 (cios
510 1228 543 1294 oi
560 1220 671 1305 ,όπνος
695 1225 752 1292 ἐπὶ
774 1227 995 1312 βλεφάροισιν
1020 1226 1162 1292 >ε’πιπτεν

258 1328 421 1415 Πλῃάόος
444 1328 638 1416 εἰσορόωντι
647 1333 678 1409 ¹⁴)
701 1332 757 1395 καὶ
780 1322 847 1413 iot
871 1327 992 1392 όόσντα
1014 1327 1151 1415 Bouiano

256 1426 394 1513 Ἄρκτον
419 1424 473 1510 θ’,
496 1429 536 1519 ἣν
558 1435 612 1496 καὶ
636 1423 784 1513 Ἅμαξαν
807 1430 981 1517 ἐπίκλησιν
1002 1433 1188 1510 καλέουσιν)

128 1531 216 1617 ὑπὲρ
239 1531 298 1599 τόν
318 1527 508 1620 Ἰθακήσιον
519 1537 551 1613 ¹⁵)
575 1533 773 1622 κυβερνήτην
803 1534 920 1611 (Odv
944 1555 974 1598 v.
996 1538 1187 1612 271-273).
1232 1538 1279 1620 τῴ
1302 1537 1362 1617 μὲν

126 1633 190 1722 γάρ
220 1630 513 1722 Ἀλικαρνασσεῖ““)
536 1620 606 1701 offra
630 1630 839 1717 ἀπιστότερα
869 1631 1060 1721 ὀφθαλμῶν
1090 1636 1240 1719 τυγχάνει
1264 1640 1300 1719 (Ι,
1318 1642 1361 1716 8),

128 1732 271 1823 Ἄρατος
294 1736 330 1802 δὲ
353 1735 411 1821 τὴν
433 1738 586 1825 μάθησιν
610 1737 680 1821 άμα
702 1752 775 1815 τοῖς
797 1731 880 1803 ὠσὶν
897 1735 1101 1803 ἐπιδείκνυσι
1116 1752 1187 1815 τοῖς
1203 1733 1361 1821 όμμασιν.

128 1838 255 1918 Quodsi
284 1840 369 1907 hunc
397 1843 578 1926 audiveris,
609 1843 850 1908 accuratissime
873 1848 968 1906 noctu
993 1843 1212 1906 observitabat
1234 1843 1362 1926 Aratus,

128 1950 165 2007 ut
197 1962 347 2008 versuum
381 1944 601 2010 faciendorum
634 1965 686 2009 ars
720 1965 759 2009 ao
792 1943 963 2024 diligentia
996 1942 1110 2009 studiis
1140 1944 1363 2009 astronomicis

128 2045 403 2127 aequipararetur.
449 2046 640 2112 Callimachi
670 2046 865 2129 Cyrenensis
896 2045 1089 2110 versiculum
1119 2047 1151 2109 in
1182 2045 1269 2110 hano·
1292 2065 1363 2110 sen·

128 2148 264 2211 tentiam
285 2147 467 2214 adsciscere
490 2150 676 2231 Anonymus
699 2167 762 2211 non
795 2149 916 2229 potuit,
949 2148 1011 2212 nisi
1045 2148 1131 2211 idem
1162 2154 1194 2212 et
1222 2149 1302 2229 legit
1330 2149 1363 2212 in

130 2249 364 2331 epigrammate
381 2256 414 2314 et
429 2250 589 2315 intellexit
604 2260 702 2331 atque
717 2258 829 2315 auctor
845 2249 971 2313 'Phaoni
988 2258 1019 2313 et
1033 2249 1154 2313 Achilli
1171 2251 1363 2314 communis:

129 2347 303 2432 «σύγγονοι
325 2341 536 2436 ἀγρυπνίης».

216 2452 367 2519 Diximus
382 2453 423 2519 de
440 2456 616 2537 scripturae
633 2456 799 2519 varietate.
838 2454 874 2517 In
897 2452 1018 2534 quaid
1041 2454 1144 2535 ipsum
1169 2462 1363 2536 anteponen-

130 2555 208 2619 dum
231 2561 290 2635 est,
317 2555 404 2636 quod
427 2557 538 2621 nativa
560 2577 599 2623 ac
620 2557 774 2639 primaria
796 2557 905 2637 specie
928 2555 1070 2637 excellit,
1092 2557 1248 2621 reiculum
1271 2556 1363 2636 illud,

130 2656 219 2738 quod
242 2656 466 2722 secundarium
491 2677 561 2724 esse
590 2660 692 2741 possit
719 2666 751 2724 et
781 2678 822 2722 ex
851 2660 952 2722 altero
983 2656 1132 2723 effectum
1155 2657 1196 2722 de
1219 2658 1363 2724 oonsilio.

130 2758 213 2822 'Pale
246 2758 392 2822 mutandi
425 2761 593 2825 consilium
627 2762 752 2842 capessi
786 2761 891 2843 potuit
921 2779 961 2824 ex
988 2758 1168 2842 Hipparchi
1197 2760 1238 2824 de
1264 2762 1364 2825 Arato

130 2859 262 2924 indicio.
307 2860 401 2925 Hanc
431 2862 529 2943 igitur
558 2883 688 2927 oausam
717 2863 817 2928 fuisse
845 2863 1051 2943 arbitramur,
1081 2862 1168 2943 quod
1190 2864 1364 2944 genuinum
1428 2877 1431 2881 ·

131 2957 326 3042 «σύγγονοι»
349 2963 382 3025 in
404 2959 595 3036 «σύντονος»
624 2974 762 3029 exeunte
790 2966 892 3029 altero
922 2971 978 3029 aut
1007 2966 1136 3029 ineunte
1162 2965 1266 3046 primo
1289 2971 1364 3028 ante

134 3063 208 3127 Chr.
231 3064 361 3130 saeculo
383 3071 648 3147 commutaretur,
677 3085 718 3130 ne
749 3074 814 3130 tam
837 3067 938 3131 nobili
961 3087 999 3131 ao
1021 3069 1157 3149 probato
1180 3076 1363 3131 astronomo

133 3166 290 3248 refragari
313 3165 477 3231 videretur
499 3166 767 3243 Callimachus.¹⁷)
812 3166 1012 3249 Quamquam
1043 3170 1098 3248 qui
1124 3168 1205 3232 illud
1228 3167 1365 3232 instituit

225 3368 255 3430 ¹³)
272 3364 407 3438 ἐποίησεν
425 3366 522 3419 codex:
543 3369 657 3422 correxi.

226 3452 256 3514 1’ν
274 3447 410 3522 πληιάδας
428 3447 599 3524 εἰσορόωντι
612 3451 697 3505 codex
715 3456 746 3506 ut
762 3453 808 3506 alii
821 3458 914 3520 testes,
933 3453 968 3506 cl.
983 3452 1101 3506 Nauckii
1119 3452 1264 3506 editionem
1281 3469 1308 3520 p.
1323 3456 1364 3506 86.

224 3538 254 3600 ¹⁶)
272 3531 326 3592 τὸν
343 3536 444 3607 ἰθάκης
462 3535 516 3592 τὸν
535 3537 632 3591 codex:
652 3538 767 3592 correxi.

224 3621 253 3683 ¹⁶)
271 3614 461 3692 άλικοιρνασσϊ
476 3622 571 3676 codex.

226 3707 259 3768 ¹⁷)
276 3705 379 3760 Eadem
391 3708 541 3775 Hipparchi
554 3708 680 3775 opinione
698 3725 727 3762 se
740 3723 837 3776 passus
856 3715 897 3762 est
914 3707 989 3759 Infici
1007 3707 1250 3775 epistolographus.
1281 3706 1364 3760 Cuius

136 3788 231 3844 fabula
248 3805 332 3845 noras
348 3790 461 3846 fraudes
473 3794 624 3860 progenuit.
656 3793 734 3846 illinc
752 3795 822 3846 enim
834 3792 963 3846 ficticium
980 3791 1047 3845 illud
1059 3792 1226 3858 prooemium
1242 3791 1363 3858 fluxisse,

137 3874 213 3930 cuius
230 3874 341 3931 initialis
359 3893 452 3932 versus
470 3883 531 3932 erat
547 3872 715 3950 «Ἀντλγσνε,
733 3880 833 3944 ξείνων
845 3872 926 3950 ἱερὸν
938 3872 1048 3942 θάλος»
1066 3893 1138 3932 nunc
1157 3892 1206 3945 pro
1225 3876 1364 3943 explorato

137 3965 186 4013 est.
221 3961 307 4014 Arato
326 3962 371 4029 qui
388 3963 441 4018 hoo
463 3964 569 4027 allevit,
593 3964 689 4017 vixerit
706 3966 770 4030 post
787 3962 927 4015 Sabidium
945 3969 1065 4030 oportet,
1092 3962 1195 4015 allitum
1214 3962 1260 4028 qui
1283 3975 1363 4028 repu-

137 4043 219 4098 diavit
236 4044 376 4114 interpres,
394 4047 535 4102 habendus
554 4049 596 4102 vel
614 4050 760 4116 posterior:
780 4047 843 4100 hine
860 4047 982 4102 Achilles
1000 4053 1028 4102 et
1046 4048 1194 4101 scholiasta
1206 4046 1364 4099 Marcianus

137 4129 258 4183 notitiam
276 4145 353 4184 suam
370 4133 528 4188 hauserunt.
557 4134 682 4202 Denique
694 4122 880 4187 monemus'in
892 4123 1245 4186 Germanici‘Arateorum'
1264 4130 1364 4185 codici·

138 4213 186 4268 hus
210 4216 347 4269 nonnullis
372 4219 450 4272 nobis
474 4219 610 4287 picturam
635 4233 695 4272 sese
719 4218 865 4281 obtulisse,
888 4234 942 4286 qua
966 4218 1119 4285 Antigonus
1142 4220 1364 4285 repraesentatur

138 4300 221 4355 Arato
238 4301 360 4355 vertendi
377 4303 485 4358 Eudoxi
503 4305 626 4359 deferens
646 4305 790 4371 nogotIum.
827 4304 903 4370 Quae
920 4304 1030 4373 pictura
1048 4318 1112 4356 num
1130 4318 1145 4356 e
1163 4305 1268 4370 graecis
1285 4300 1366 4353 Arati
