3174 5160
416 340 449 394 V.
469 340 519 393 DE
537 340 650 411 ARATI
669 340 830 396 SCRIPTIS
848 343 1080 398 DEPERDITIS.
1300 343 1360 400 227

129 513 191 579 scd
222 513 353 593 omnino
382 533 511 579 causam
541 514 593 578 vel
621 532 639 578 c
668 515 843 597 longinquo
872 517 1068 600 speciosam,
1104 517 1275 582 nemodum
1306 537 1360 582 ex-

129 615 266 691 sortitu).
318 612 460 691 Quorum
487 617 720 697 astrologorum
750 637 830 683 unus
857 611 957 702 ‘ssepi
982 609 1295 700 ’sindpuuoyootcc’
1326 624 1361 684 ut

128 716 251 781 Aratus
288 716 405 781 librum
441 717 632 800 divulgavit.
683 717 719 782 si
748 719 844 784 modo
874 719 915 784 de
943 721 1062 786 Araleo
1090 720 1172 784 libro
1202 726 1362 785 constaret

129 816 277 900 liquido,
300 818 520 900 quaerendum
544 827 645 900 asset,
667 840 743 884 num
767 841 829 902 quo
853 822 981 886 vinculo
1004 841 1042 887 ae
1066 822 1220 886 relatione
1244 823 1360 886 Aratus

129 939 203 985 cnm
227 918 406 985 Chaldaico
433 923 496 985 isto
523 922 686 1001 astrologo
717 923 820 987 omnis
848 923 1042 1004 astrologiae
1071 925 1141 1006 ipse
1163 930 1361 1004 contemptor

128 1022 327 1102 iungeretur.
366 1021 514 1087 (letarum
530 1019 776 1083 Athenodorus
792 1024 915 1089 Roseus
939 1043 1026 1089 mero
1042 1025 1174 1089 arbitrio
1191 1044 1208 1088 e
1223 1024 1361 1089 nominis

127 1122 366 1204 depravatione
390 1123 508 1188 clicuit.
554 1123 602 1189 Of.
626 1130 722 1207 caput
745 1124 829 1187 VIII.

648 1362 849 1370 .--———--.-

449 1701 485 1791 3.
512 1695 708 1792 ΚΑΤΑ
739 1697 1042 1794 ΛΕΠΤΟΝ.

211 1881 369 1949 ίΚΑΤΑ
383 1887 590 1949 ΛΕΠΤΟΝ
603 1877 714 1963 utta',
731 1887 855 1951 scilicet
869 1895 1028 1970 poemata,
1044 1889 1177 1953 Aratum
1194 1888 1361 1970 scripsisse

126 1991 247 2073 legitur
262 1989 295 2053 in
312 1987 433 2053 Suidae
448 1987 565 2053 indiae.
604 1987 697 2066 Quod
714 1988 791 2071 quid
809 1997 901 2069 asset,
919 1990 1088 2072 explorare
1105 2010 1165 2055 nec
1180 1989 1361 2056 Meinckius

126 2094 161 2157 in
181 2084 356 2156 ‘Vindiciis
381 2080 616 2155 Strabonianis’
642 2110 673 2173 p.
693 2092 808 2171 180sq.
832 2110 937 2173 neque
952 2090 1100 2172 Ungerus
1123 2092 1155 2156 in
1169 2086 1361 2157 ‘Annalibus

127 2183 352 2277 philologicis'
379 2213 408 2258 a.
434 2194 516 2255 1876
538 2213 569 2275 p.
588 2195 703 2272 430sq.
729 2192 919 2267 valebant¹).
964 2192 1013 2256 lta
1035 2192 1107 2257 ille:
1131 2190 1254 2253 Mirus
1276 2211 1361 2253 sune

128 2299 163 2356 et
191 2290 284 2356 mihi
307 2289 448 2376 quidem
475 2289 537 2353 oen
566 2289 781 2375 expluehih's
803 2291 933 2353 Arctoi
955 2290 1123 2356 carmonis
1153 2292 1281 2356 titulus
1311 2298 1362 2355 est

126 2395 177 2462 τὰ
190 2390 347 2460 (ΚΑΤΑ
360 2387 576 2458 AEHTON'
598 2443 604 2456 .
624 2445 629 2455 .
646 2393 832 2475 Receptum
849 2391 991 2456 eluendi
1003 2414 1106 2456 usum
1122 2393 1157 2455 so'
1168 2394 1359 2478 sequimur,

126 2496 174 2562 τὰ
194 2493 280 2562 ‘KA
285 2499 351 2561 ΤΑ
372 2487 587 2561 AEHTON'
613 2493 771 2556 ceruina
795 2515 864 2557 esse
872 2493 1014 2579 possent
1026 2493 1201 2558 subtiliter
1217 2501 1251 2557 et
1264 2519 1360 2560 ueeu-

126 2604 205 2662 ente
234 2599 418 2661 eleborata.
463 2598 508 2659 ln
536 2595 630 2658 huuc
648 2596 734 2680 fere
755 2617 894 2659 sensum
919 2595 989 2680 ipse
1011 2596 1134 2659 Strabo
1157 2596 1252 2659 etue
1274 2598 1360 2661 libro

125 2700 294 2784 XVJIp.
312 2705 371 2778 787
396 2698 538 2786 ἐδέησε
562 2698 603 2763 δὲ
625 2702 697 2787 τῆς
720 2692 782 2762 ἐπ)
809 2694 979 2784 ἀκριβὲς
1000 2697 1187 2763 καὶκατὰ
1205 2700 1360 2766 λεπτὸν

126 2806 399 2888 διαιρέσεως,
429 2805 462 2862 et
496 2797 613 2863 Cicero
639 2796 762 2883 ‘Epist
794 2800 843 2861 ud
868 2795 981 2862 Atera*
1014 2801 1060 2863 ll
1089 2806 1138 2865 18:
1171 2796 1240 2863 ‘Ne
1258 2802 1361 2885 fonte

124 2924 281 2990 quaeres
302 2901 406 2968 κατὰ
432 2899 586 2967 λεπτὸν
609 2903 650 2963 de
665 2901 821 2985 siugulis
837 2897 963 2965 rehus'.
1002 2902 1073 2965 See
1081 2907 1241 2985 praestat
1256 2903 1359 2966 docti-

125 3029 228 3070 ceum
256 3002 438 3068 hominum
468 3008 663 3086 exspectare
691 3003 909 3066 seutentiam.
954 3008 1044 3070 Nihil
1075 3009 1178 3070 electa
1208 3007 1288 3070 haec
1316 3007 1359 3070 ad

215 3190 248 3259 18)
265 3189 292 3244 J.
306 3190 339 3243 D.
353 3189 398 3244 W.
412 3189 523 3242 Richter
539 3183 594 3241 ‘Dc
616 3189 718 3242 Beroso
743 3188 940 3243 Chaldaeorum
968 3190 1096 3242 historiae
1124 3191 1152 3242 et
1173 3189 1356 3242 astronomiae

124 3276 210 3330 veteri
228 3266 377 3343 scriptorc‘
395 3274 471 3341 Lips.
493 3277 557 3328 1825
575 3290 602 3341 p.
619 3279 659 3327 17.
696 3273 823 3341 Magnum
843 3274 876 3327 de
896 3274 996 3328 Beroso
1016 3275 1198 3327 confusaneas
1216 3273 1358 3327 doctrinae

124 3361 252 3415 volumen
269 3358 438 3412 Franciscna
449 3358 616 3412 Lenormant
627 3358 739 3412 Parisiis
757 3374 828 3412 anno
850 3363 912 3412 1871
933 3359 1081 3427 publicavit.
1094 3352 1275 3424 (Fragments
1296 3373 1356 3411 cos-

124 3445 303 3512 mogoniques
323 3444 358 3497 dc
372 3435 507 3505 Birose'l:
526 3461 552 3511 p.
567 3447 616 3497 410
629 3443 693 3512 qnid
706 3443 739 3497 dc
748 3443 889 3497 Vitruvio?
908 3448 940 3494 It
951 3453 990 3493 est
1002 3447 1123 3512 difficile
1136 3448 1168 3493 de
1182 3448 1250 3504 dire,
1265 3449 1356 3509 quelle

124 3539 167 3582 est
179 3534 207 3580 lo
220 3533 322 3579 oaleur
333 3532 418 3579 reelle
430 3533 464 3578 de
477 3546 505 3579 ce
516 3534 591 3593 eicit.
623 3521 952 3596 Patonius⁴lnscriptions
970 3529 1000 3581 of
1011 3521 1079 3582 Cos'
1097 3544 1124 3595 p.
1138 3531 1188 3580 359
1201 3531 1232 3595 if
1241 3547 1280 3578 we
1292 3548 1334 3578 rna
1334 3548 1355 3594 y

124 3624 200 3666 trust
216 3617 263 3664 the
275 3617 417 3680 testimony
435 3615 471 3680 os
481 3615 624 3663 Vitruvius
636 3615 668 3662 X
678 3627 701 3676 7,
716 3627 739 3675 9,
753 3615 873 3663 Berosus
890 3618 919 3663 in
938 3617 981 3662 his
995 3619 1077 3664 latter
1092 3632 1178 3680 years
1191 3617 1358 3662 estohlr'shed

124 3721 142 3752 α
160 3702 256 3751 school
272 3700 308 3766 os
316 3702 460 3765 astrology
478 3702 544 3747 om
556 3707 606 3749 etc.
623 3727 652 3734 -
669 3697 770 3749 Plinius
784 3692 830 3750 ζΝ.
843 3691 886 3750 Η.’
901 3698 951 3750 Vll
964 3702 995 3750 37
1015 3692 1110 3762 (=‘F.
1125 3697 1159 3750 Η.
1176 3692 1217 3752 G?
1231 3698 1255 3749 Il
1267 3697 1301 3751 fr.
1314 3702 1356 3760 25)

124 3791 155 3837 oh
173 3788 287 3835 divinos
306 3786 510 3848 praedictiones
531 3785 710 3833 Athenienses
730 3788 841 3847 publice
866 3789 894 3833 in
915 3789 1063 3850 gytrnnesio
1085 3791 1204 3834 statuam
1223 3788 1355 3832 irruurata

124 3874 228 3936 lingua
245 3868 375 3921 statuisse
388 3867 490 3921 Beroso
509 3868 636 3920 narravit.
670 3866 874 3921 Addubitarnnt
892 3885 953 3922 cum
973 3868 1054 3921 ceteri
1072 3874 1129 3920 tum
1146 3867 1227 3919 iidem
1245 3866 1356 3919 Richter

125 3959 154 4009 ct
171 3954 340 4008 Lenormant
355 3951 374 4004 l.
387 3967 411 4006 c.
430 3950 472 4005 Oi.
491 3966 551 4019 cap.
565 3950 639 4004 Vlll.

214 4040 233 4103 ¹)
251 4036 408 4092 Omiserunt
428 4050 490 4088 cum
514 4035 569 4089 alia
591 4035 664 4088 hand
687 4051 775 4105 pauca
797 4042 854 4089 tum
879 4036 1076 4091 Artemidorum
1100 4036 1127 4088 in
1141 4027 1355 4088 ‘Onirocriticis'

125 4124 332 4192 Ip.5‚208qq.
358 4118 473 4174 Heroh:
498 4114 579 4191 ἡμεῖς
597 4114 625 4174 d’
650 4117 764 4184 ἑκόντες
789 4117 958 4192 παρήκαμεν
981 4116 1032 4190 τὴν
1056 4124 1121 4188 περὶ
1140 4113 1235 4175 αὐτῶν
1254 4121 1293 4184 εἰς
1311 4124 1355 4175 λε·

125 4203 202 4265 nebo
219 4204 350 4277 ἐξήγησιν
360 4198 429 4261 eth'
460 4209 545 4259 Arato
563 4204 671 4269 λεπτός
689 4212 730 4258 est
743 4200 865 4260 ‘debilis’
880 4199 1025 4271 ‘exiguus'‚
1046 4221 1087 4257 ex,
1100 4221 1138 4271 gr.
1154 4221 1180 4257 ν.
1195 4208 1242 4256 ool
1264 4208 1356 4275 Χηλαὶ

125 4296 175 4349 καὶ
193 4286 282 4349 λεπτὰ
301 4284 436 4360 ciconus.

1148 4375 1198 4426 15*
