3174 5160
464 362 498 415 ΙΙ.
516 360 568 414 DE
585 361 701 416 ARATI
719 362 851 418 coelom
870 364 1112 421 HIPPAROHEO.
1363 370 1403 429 99

172 531 346 617 Παρθένῳ
368 546 486 613 κεῖται,-
510 532 598 622 πλὴν
627 527 707 601 ὅσον
729 531 746 602 5
772 535 879 614 δεξιὸς
907 523 998 620 ὦμος
1020 539 1074 603 καὶ
1096 532 1116 622 ἡ
1141 534 1232 616 δεξιὰ
1253 539 1325 622 χεὶρ
1348 544 1401 605 καὶ

170 631 212 698 τὰ
237 631 438 719 έμπρύσθια
461 634 558 724 σκέλη
574 643 633 702 του
648 629 772 705 Ἵππου
794 635 862 705 ὑπὸ
885 638 946 716 τὰς
960 637 1078 726 Χηλὰς
1093 638 1260 706 τέτακται.
1298 637 1315 706 5
1339 640 1402 727 γὰρ

115 748 144 797 15
168 734 335 819 ἑπόμενος
369 736 517 820 μάλιστα
545 741 611 805 τῶν
641 737 674 804 ἐν
702 743 747 826 τῇ
778 742 906 828 κεφαλῇ
936 733 1039 829 ἀστὴρ
1076 739 1186 822 ἐπέχει
1218 742 1402 828 Παρθένου

168 843 293 924 μοίρας
313 838 386 919 κθ’,
417 835 434 906 5
460 840 496 906 δὲ
526 839 584 907 ἐπὶ
606 844 665 907 τοῦ
689 838 850 919 δεξιοῦ
822 867 915 926 ιομου
939 840 1050 924 ἐπέχει
1072 846 1195 930 Χηλῶν
1217 851 1339 931 μοίρας
1361 845 1401 926 ζ

169 967 185 1005 ο
176 935 248 1007 (δὲ
272 939 471 1027 νοτιαίτερος
493 945 558 1007 τῶν
582 941 615 1009 έν
630 955 702 1021 τοῖς
717 937 897 1022 ὀπισθίοις
920 938 1103 1012 σκέλεσιν’
1086 945 1204 1027 απέχει
1219 947 1432 1033 Παρθένου,

168 1044 249 1127 περὶ
272 1049 395 1128 μοίρας
419 1044 474 1130 ιγ’.
513 1047 586 1122 πῶς
616 1031 673 1112 ούν
696 1045 852 1127 δυνατόν,
881 1045 924 1112 τὰ
945 1040 1048 1131 μέν”
1029 1073 1131 1130 ομοια
1153 1073 1200 1134 τῳ
1212 1042 1401 1176 ἀνθρώπῳ

167 1144 251 1266 μέρη
277 1149 337 1212 τοῦ
360 1143 590 1233 Κενταύρου(
572 1146 640 1214 υπὸ
665 1174 710 1234 τῳ
735 1155 893 1235 Σκορπίῳ
915 1154 1062 1230 κεῖσθαι,
1085 1148 1126 1215 τὰ
1151 1143 1221 1214 δ’ί
1210 1150 1401 1236 ιππούραια

111 1262 141 1310 3ο
164 1243 234 1313 ύπὸ
259 1261 335 1326 ταῖς
357 1250 506 1370 Χηλαῑς,·
537 1250 763 1334 παραπέμπει
786 1251 822 1318 δὲ
850 1256 906 1319 καὶ
936 1255 1035 1319 τοῦτο
1059 1248 1076 1316 ὁ
1095 1249 1257 1330 Ἄτταλος
1281 1258 1329 1335 (fr.
1349 1261 1399 1332 19)

166 1346 213 1428 ὡς
238 1336 274 1416 ού
298 1350 468 1440 εἰρηκότος
491 1347 601 1420 αὐτού.

255 1490 288 1540 29
307 1486 337 1544 δέ
354 1486 378 1539 L
401 1489 410 1554 1
433 1480 505 1540 31
484 1508 523 1553 ας
544 1480 702 1561 εύρηκότος
719 1489 751 1542 L.

255 1659 293 1725 V.
310 1662 369 1725 431
401 1684 481 1726 «κεν»
504 1660 700 1746 Marcianus,
730 1685 809 1726 ‹ror›
839 1665 938 1728 multo
960 1662 1004 1728 ad
1031 1664 1162 1747 linguae
1185 1664 1398 1747 integritatem

167 1763 289 1828 rectius
300 1761 518 1847 Hipparchus,
543 1765 602 1830 etsi
618 1765 733 1830 falsum
749 1764 831 1829 illud
851 1784 892 1829 ex
908 1765 1085 1831 imitatione
1102 1766 1274 1831 Homerica
1296 1773 1398 1832 ortum

166 1884 241 1930 esse
264 1872 381 1948 potest,
398 1867 488 1932 velut
509 1866 689 1931 11111445
713 1856 785 1929 οὐδ’
812 1863 845 1928 εί
863 1889 918 1936 κον
934 1859 1101 1952 ὑποσταίη
1118 1862 1201 1943 θεὸς
1217 1857 1316 1943 αὐτός
1332 1870 1399 1945 (ubi

165 1974 277 2032 tamen
288 1961 440 2053 ὖποοτηῃ
454 1971 607 2052 corrigas)
620 1975 652 2034 et
663 1988 746 2051 quae
759 1970 919 2052 congessit
931 1969 1076 2051 Krueger
1085 1962 1154 2034 ‘Gn
1166 1960 1394 2053 Sprachlehre'

165 2069 252 2132 112²
275 2069 506 2150 (Berol.1859)
529 2091 560 2154 p.
580 2073 648 2135 108.
686 2071 751 2138 Res
773 2071 904 2136 incerta.

253 2171 290 2235 V.
307 2174 370 2236 433
386 2176 531 2257 «φαίνοι»
546 2174 741 2239 restituimus
765 2193 806 2238 ex
822 2173 862 2236 L:
885 2165 924 2237 ‘si
940 2172 1038 2237 faciat
1059 2191 1134 2254 nox,
1158 2178 1192 2237 ut
1207 2173 1398 2256 splendeant

164 2275 261 2356 signa
283 2267 427 2340 similia'.
459 2273 596 2354 «τεύχοι»
611 2276 801 2358 Marcianus,
826 2283 858 2340 et
880 2276 925 2339 ita
940 2274 1087 2339 Vaticani
1108 2275 1264 2356 scriptura
1279 2277 1397 2356 «τεῦχε»

166 2376 372 2442 emendanda
387 2385 445 2458 est,
462 2397 712 2460 quemquamne
728 2376 790 2442 hoc
805 2376 934 2459 quidem
950 2377 1210 2459 aprobabilitate
1222 2377 1396 2443 abhorrere

164 2480 329 2562 reputanti
352 2486 504 2561 patescet.

252 2579 348 2658 Quod
370 2603 400 2647 v.
419 2584 480 2646 438
504 2571 634 2662 «χείλέ»
656 2601 715 2663 pro
732 2581 823 2646 varia
838 2581 974 2647 lectione
996 2580 1038 2645 ad
1062 2578 1203 2666 «Χηλαί»
1226 2581 1398 2665 adscripsit

162 2684 309 2750 secunda
331 2683 485 2751 Marciani
507 2704 638 2765 manus,
667 2691 778 2749 contra
801 2683 960 2766 triplicem
984 2681 1162 2766 Hipparchi
1186 2688 1218 2748 et
1240 2684 1342 2748 Attali
1366 2690 1398 2749 et

162 2786 322 2852 Marciani
344 2787 530 2853 societatem
554 2807 617 2852 non
641 2786 729 2852 valet
752 2786 863 2851 hilum.
900 2784 1014 2867 Neque
1030 2804 1169 2866 unquam
1190 2777 1246 2850 ‘de
1269 2777 1395 2868 labris',

162 2888 224 2954 sed
244 2883 301 2955 ‘de
323 2880 499 2956 forficibus'
526 2891 698 2971 loquuntur
720 2887 905 2954 astronomi.

719 3074 841 3141 XXlX.

251 3198 267 3262 I
289 3217 319 3280 p.
337 3197 442 3262 200ss
466 3193 499 3260 ἒν
523 3194 559 3259 δέ
580 3207 652 3271 τοῖς
675 3192 749 3282 ἑξῆς
771 3195 851 3274 περὶ
873 3193 931 3256 τοῦ
958 3187 1120 3266 Γαλαξίου
1143 3189 1259 3256 κύκλου
1289 3191 1394 3258 εἰπών

164 3295 339 3384 ἐπιφέρει,
368 3289 421 3364 ὅτι
449 3300 516 3363 τιῦν
544 3296 717 3382 τεσσάρων
744 3295 870 3361 κύκλιον
899 3291 958 3358 δύο
986 3291 1056 3357 ’ίσοι
1080 3289 1180 3373 εἰσίν,
1210 3293 1242 3358 oi
1272 3293 1308 3357 δὲ
1335 3293 1393 3358 δύο

164 3400 284 3484 πολλῳ
308 3397 494 3481 ἐλάσσονος,
519 3402 622 3486 λέγων
645 3391 750 3475 ciacc
771 3403 815 3477 (v.
833 3399 1028 3472 477-4791·

370 3505 420 3589 τῳ
443 3496 474 3568 δ’
500 3497 577 3589 ἤτοι
596 3500 712 3588 χροιὴν
733 3501 793 3583 μὲν
817 3492 965 3584 ἀλίγκιος
987 3491 1096 3564 οὐκέτι
1118 3495 1234 3575 κύκλος

127 3620 141 3665 5
372 3606 523 3687 δινεῑται,
545 3603 587 3671 τὰ
611 3604 647 3670 δὲ
669 3609 774 3690 μέτρα
796 3601 893 3667 τόσοι
916 3598 1068 3686 πισύρων
1091 3625 1155 3685 περ
1179 3599 1301 3666 ἐόντων

369 3709 403 3774 οἱ
426 3707 501 3787 δύο,
525 3710 578 3774 τοὶ
603 3708 639 3773 δέ
662 3730 775 3794 σφεων
796 3709 881 3790 μέγα
903 3709 1033 3787 μείονες
1056 3703 1270 3770 εἱλίσσονται.

165 3801 224 3873 οὐκ
246 3832 281 3873 ευ
305 3809 342 3874 δέ
363 3835 423 3892 μοι
446 3810 537 3876 δοκεῖ
558 3811 718 3895 λέγεσθαι
741 3803 818 3875 olet
840 3809 949 3887 τούτο,
972 3804 1027 3871 ὅτι
1045 3801 1176 3889 <πολληλ
1199 3795 1389 3880 stercore&

164 3909 251 3977 eiuro
275 3911 308 3977 οἱ
330 3914 484 3998 τροπικοὶ
508 3915 567 3978 τοῦ
592 3910 783 4000 ίσημερινού
806 3911 941 3974 καὶτοῦ
964 3908 1142 3994 ζῳδιακοῦ·
1167 3905 1307 3971 έλασσον
1329 3903 1392 3991 γὰρ

164 4002 185 4097 ἢ
206 4016 254 4099 τῳ
278 4011 323 4079 ια’
345 4018 440 4098 μέρει
462 4017 637 4080 λείπονται
660 4007 779 4079 oricola

251 4168 267 4218 2
286 4161 397 4224 τούτων
408 4170 472 4221 ante
484 4162 541 4222 i'coc
554 4165 607 4220 add
618 4166 681 4219 LV:
700 4165 784 4220 delevi
803 4166 812 4231 11
832 4159 888 4220 ἶσοι
900 4164 950 4216 LV
962 4165 972 4230 11
986 4167 1000 4216 3
1014 4156 1086 4217 πολὺ
1098 4161 1121 4213 L
1135 4161 1145 4228 11
1158 4164 1174 4211 4
1185 4154 1215 4214 δ’
1226 4155 1290 4231 ἢτοι
1302 4159 1340 4213 V:
1360 4156 1391 4232 δή

165 4269 211 4306 τοι
226 4250 259 4315 L,
277 4246 356 4323 αῆτοι
374 4252 530 4307 Marcianus
542 4253 552 4320 1
566 4245 618 4307 oria
636 4247 711 4307 lirrL
726 4251 763 4318 15
782 4243 854 4320 παρ’
866 4249 912 4314 Vn
927 4253 942 4302 6
961 4266 1042 4318 σφων
1059 4247 1081 4299 L
1102 4248 1112 4314 11
1133 4264 1208 4317 μέγα
1224 4246 1343 4314 μείονος
1359 4245 1392 4312 L,
1479 4269 1483 4279 ·

165 4329 231 4407 μέγ’
249 4330 403 4404 ἀμείνονος
419 4338 453 4391 V.
1224 4418 1238 4450 *

1208 4436 1214 4470 r

324 4473 333 4511 r
