3174 5160
462 352 509 406 lx.
528 352 764 409 EPIMENIDEA
781 355 831 409 ΕΤ
847 355 1117 412 ARCHILOCHEA.
1345 361 1406 420 351

177 524 412 591 Aeternitatem
443 527 607 592 stellarum
637 529 753 594 extulit
779 538 877 613 poeta
905 533 1084 597 ornamenti
1106 532 1254 616 causa¹⁴),
1277 553 1336 599 nec
1359 535 1406 600 di·

174 625 315 692 cendum
328 627 389 693 erit
399 629 491 693 Arati
502 649 631 696 versum
643 634 684 697 99
698 633 902 698 obversatum
914 652 986 698 esse
998 633 1172 699 Tarentino
1183 633 1237 712 (de
1248 634 1406 718 Virginei:

350 745 413 811 εἴτ’
439 731 497 810 οὖν
519 739 697 830 Ἀστραίου
720 755 809 836 κείνη
832 753 934 834 γένος,
958 742 996 814 ὅν
1019 749 1061 836 ῥά
1083 754 1120 815 τέ
1143 773 1247 836 φασιν

350 842 482 936 ἔστρων
506 842 642 935 ἀρχαῖον
665 845 785 933 πατέρ’
812 849 960 933 ἔμμεναι,
985 851 1053 917 εέτε
1075 877 1132 918 τευ
1154 847 1266 919 ἄλλον.

175 958 357 1054 «ἀρχαῖον»
378 968 559 1036 Marcianus
593 972 736 1037 servavit
769 979 801 1037 et
833 972 957 1038 scholio
990 971 1133 1038 firmatus
1162 981 1194 1039 et
1224 973 1407 1042 Hesiodeae

171 1061 413 1153 ‘Theogoniae'
439 1092 470 1138 v.
488 1075 565 1155 378,
596 1073 651 1138 nbi
677 1074 813 1140 Astraeo
835 1074 960 1139 Aurora
988 1075 1154 1158 peperisse
1182 1082 1269 1142 astra
1298 1076 1406 1142 fertur.

174 1172 386 1239 Recentiores
402 1194 479 1240 vero
496 1175 624 1242 codices
646 1167 831 1256 «ἀρχαιων»
855 1175 982 1258 hahent,
999 1182 1034 1240 ut
1049 1176 1187 1242 Parisini
1201 1177 1257 1244 AG
1279 1199 1300 1244 a
1314 1180 1407 1246 nobis

173 1276 306 1341 conlati.
343 1275 514 1360 Superflua
534 1284 641 1343 autem
658 1279 841 1344 coniectura
863 1269 1048 1358 «ἀρχαιων»
1071 1278 1151 1343 illud
1166 1287 1319 1345 novatum
1336 1300 1407 1348 esse

173 1377 407 1445 concludimus.
451 1379 546 1445 Adde
569 1380 656 1462 quod
678 1381 762 1463 Nox,
786 1382 907 1465 quippe
923 1399 1006 1463 quae
1025 1373 1132 1463 ‘sigua
1147 1381 1288 1446 siderum
1310 1402 1406 1466 posu·

172 1471 261 1563 erit',
285 1472 443 1568 «ἀρχαίη»
466 1489 515 1548 est
536 1502 567 1547 v.
584 1485 663 1566 4083
686 1474 852 1565 «ἀρχαίων
874 1482 1056 1565 γυναικών»
1079 1502 1109 1547 v.
1128 1485 1198 1547 103.

260 1582 354 1648 Prior
377 1585 549 1667 originatio
565 1586 656 1651 cuius
678 1585 729 1665 sit,
746 1583 852 1650 adhuc
867 1585 1015 1650 uescitur.
1046 1575 1218 1662 Ἀστέριος
1233 1619 1275 1630 -
1290 1577 1405 1649 Ἀστε-

173 1687 258 1765 ρίων
282 1691 315 1750 et
338 1684 432 1752 heros
454 1688 631 1770 pernobilis
653 1686 816 1753 Cretensis
839 1695 871 1752 et
886 1686 1003 1752 Cretici
1019 1687 1107 1752 Iovis
1130 1706 1257 1768 quoque
1282 1685 1404 1771 epithe-

173 1794 243 1852 tum
267 1789 412 1853 solemne
434 1789 571 1858 (Preller
592 1789 634 1853 11³
656 1809 687 1872 p.
707 1792 777 1873 116,
801 1789 944 1854 Roscher
966 1810 990 1854 s.
1008 1789 1101 1869 all).
1138 1788 1272 1854 Ostendi
1294 1790 1406 1870 nequit

173 1889 234 1955 sed
250 1890 429 1956 verisimile
444 1890 619 1957 admodum
636 1900 693 1974 est,
717 1891 877 1957 Creticam
893 1892 1033 1956 fabulam
1051 1912 1122 1957 esse
1138 1892 1227 1956 illam
1243 1896 1275 1955 et
1290 1889 1404 1955 eodem

174 1990 378 2076 Epimenidis
394 1994 512 2077 scripto
527 2001 749 2078 propagatam.
777 1992 925 2060 Artifices
939 1994 1126 2079 pergameni
1142 2013 1213 2059 cum
1229 2012 1292 2056 non
1308 1991 1404 2057 modo

173 2098 488 2182 Δίκην-Παρθένον,
512 2104 547 2162 ut
568 2097 685 2162 Aratus
708 2098 884 2163 coniunctis
899 2097 1027 2161 Eudoxi
1051 2103 1082 2162 et
1105 2094 1240 2161 Hesiodi
1262 2094 1404 2159 denomi-

173 2198 367 2282 nationibus,
394 2199 452 2265 sed
476 2201 572 2264 etiam
595 2201 688 2282 quasi
711 2200 872 2264 diversam
895 2218 1064 2281 personam
1090 2188 1403 2279 Θέμιν-Παρθένον

173 2299 256 2366 inter
271 2300 350 2366 deos
366 2301 522 2367 siderales
538 2302 701 2384 referrent,
719 2300 801 2367 hanc
815 2302 946 2367 aliunde
969 2321 1025 2367 eos
1040 2306 1200 2365 mutuatos
1217 2317 1287 2364 esse
1302 2303 1403 2380 patet.

174 2401 237 2466 Vix
260 2403 358 2485 igitur
372 2403 561 2486 admittitur,
585 2423 657 2469 eum
681 2405 735 2487 qui
751 2405 843 2470 iuxta
860 2406 965 2486 Θέμιν
988 2405 1020 2467 in
1036 2399 1316 2486 gigantomachiae
1330 2418 1400 2482 per·

173 2508 331 2588 gamenae
365 2507 559 2591 anaglyphis
592 2509 753 2591 proelians
787 2512 1045 2590 repraesentatur
1077 2503 1241 2569 Hesiodeo
1273 2502 1403 2567 nomine

174 2608 260 2674 velle
284 2608 438 2674 adiicere:
462 2610 731 2692 quemadmodum
748 2608 982 2692 Puchsteinius,
1004 2610 1101 2690 longe
1122 2606 1263 2670 omnium
1286 2604 1402 2670 felicis·

174 2710 274 2776 simus
303 2718 335 2776 et
363 2713 548 2794 ingeniosus
577 2732 653 2777 urae
681 2731 898 2795 pergamenae
920 2712 1091 2794 interpres,
1115 2708 1259 2773 instituit.
1304 2705 1402 2772 Cuius

263 2966 293 3030 ¹⁴)
311 2965 401 3020 Sensit
418 2981 474 3020 rem
492 2965 520 3019 in
533 2965 654 3019 Leonida
665 2965 818 3020 Jacobsius.
854 2965 933 3017 Arati
952 2980 976 3016 v.
993 2965 1040 3014 116
1058 2976 1092 3014 ne
1110 2975 1232 3028 opponas
1251 2959 1400 3014 ποθέουσα

173 3057 306 3110 παλαιῶν
323 3050 397 3124 ἤθεα
415 3057 495 3109 λαῶν
512 3059 560 3103 aut
577 3050 747 3120 Asclepiadis
771 3050 836 3113 (sive
854 3049 982 3112 Archiae)
1001 3047 1034 3102 de
1051 3045 1169 3100 Hesiodo
1194 3059 1299 3097 versum
1317 3042 1401 3113 γένος

173 3133 303 3211 ἀρχαίων
320 3134 444 3210 ἔγραφες
458 3131 688 3210 ἦμιθέωνἋολλι.
702 3129 768 3190 Pal.³
781 3135 820 3188 IX
831 3139 863 3189 64
881 3139 929 3187 aut
942 3132 1041 3186 Rhiaui
1059 3136 1094 3200 (p.
1111 3134 1158 3184 186
1171 3128 1301 3183 Meinekii
1314 3121 1400 3180 ‘Aua-

171 3225 305 3280 lectorum
313 3218 330 3290 'l
344 3220 457 3296 Πύρρης
466 3225 663 3287 Δευκαλίωνος
675 3220 716 3277 ἀνι
739 3218 860 3294 ἀρχαίης
872 3213 993 3289 ιῖλόχοιο
1003 3221 1051 3270 ant
1060 3215 1244 3284 Euphorionis
1258 3213 1291 3268 fr.
1301 3212 1401 3266 ouuv

171 3304 277 3378 ὑμείων
294 3305 412 3379 κοκύησι
430 3308 584 3379 καθειμένη
603 3309 763 3380 ιὶρχαίησιν.
782 3337 811 3344 -
831 3306 863 3358 ln
881 3303 1019 3358 Leonidae
1031 3301 1196 3355 carminibus
1215 3299 1282 3352 nihil
1299 3297 1400 3352 inveni-

170 3410 246 3460 mus,
265 3393 338 3463 quod
357 3398 490 3449 Arateam
501 3393 679 3447 imitationem
696 3392 826 3457 redoleat,
844 3390 896 3444 nisi
912 3390 983 3443 forte
997 3380 1093 3441 ‘Anth
1113 3378 1178 3438 Pal'
1197 3385 1237 3439 IX
1250 3390 1297 3440 107
1317 3382 1400 3453 (quod

172 3479 310 3548 Antipatri
327 3478 578 3534 Thessalonicensis
595 3478 663 3532 dixit
680 3494 741 3532 esse
754 3477 900 3537 Planudest
918 3474 953 3528 ad
967 3463 1242 3528 ‘Phaenomenorum’
1263 3487 1287 3524 ν.
1304 3474 1398 3536 t54sq.

171 3569 286 3634 spectat.
323 3565 386 3618 Sole
404 3582 464 3619 cum
483 3562 575 3617 Leone
593 3568 707 3618 coeunte

597 3644 704 3720 arioaldi
721 3671 771 3718 μοι
790 3643 940 3721 υἷρέσκοιεν
957 3641 1025 3701 τότε
1043 3646 1120 3714 νῆες,

428 3738 468 3801 εἰς
486 3732 595 3803 ἄνεμον
612 3736 642 3791 δὲ
659 3730 695 3792 τὰ
714 3729 786 3806 aad&
804 3733 1010 3805 κυβερνητῆρες
1028 3724 1122 3799 ἔχοιεν

170 3821 282 3876 Aratus.
318 3819 454 3874 Leonidas
473 3828 602 3888 tanquam
620 3821 798 3875 oblocuturus
816 3836 840 3873 v.
855 3821 936 3872 3-6:

598 3903 693 3979 βραχὺ
709 3908 762 3973 μὲν
780 3903 900 3975 σκάφος,
918 3897 990 3960 ἄλλα
1009 3896 1142 3967 θαλάσση

461 3997 518 4048 πᾶν
536 3989 613 4048 ἔσαν·
634 3987 667 4050 οὗ
685 3993 800 4064 μέτρων
817 3987 833 4063 η
851 3994 953 4063 κρίσις,
971 3983 1044 4046 ιῖλλὰ
1063 3982 1153 4055 τύχης.

427 4074 500 4134 ἔστω
518 4081 666 4149 πηδαλίοις
683 4076 766 4150 ἑτέρη
784 4074 872 4133 πλέον
890 4073 970 4140 (ἄλλο
989 4069 1046 4145 γὰρ
1064 4067 1134 4139 ἄλλη

461 4160 590 4237 θάρσος),
608 4159 665 4234 ἐγὼ
685 4157 711 4218 d’
731 4160 789 4233 εἴην
807 4163 921 4229 δαίμοσι
941 4159 1095 4233 σῳζομένη.

258 4249 288 4311 ¹⁵)
308 4243 406 4318 Ῐλστήρ
432 4249 506 4316 gigas
530 4250 630 4303 atticus
654 4249 810 4302 aldinerva
833 4251 959 4300 necatus:
988 4242 1149 4296 Aristoteles
1174 4238 1259 4292 schol.
1285 4233 1397 4290 Aristid.

169 4349 194 4400 p.
210 4338 258 4387 105
276 4331 440 4388 Frommelii.
