3174 5160
168 353 230 412 316
514 264 527 313 ⁸
712 353 864 407 ARATEA

169 529 231 593 tius
261 529 357 593 etiam
388 534 463 592 ante
493 547 611 592 annum
635 531 715 607 276,
745 547 808 609 quo
831 526 967 593 Athenis
997 528 1030 591 in
1053 528 1278 594 Macedoniam
1304 528 1405 596 demi-

171 630 278 711 gravit
298 630 425 694 Aratus.
470 629 584 711 Itaque
607 640 680 713 post
702 632 987 694 commorationem
1009 629 1096 712 apud
1119 628 1203 696 (loos
1225 650 1265 696 ac
1286 631 1406 714 studia,

169 732 244 796 dum
268 731 405 795 Athenis
428 732 548 796 victum
577 732 693 796 litteris
717 730 895 796 erudiendo
927 732 1067 814 quaerit,
1098 732 1241 814 pluriens
1269 734 1406 798 Aratum

171 834 349 898 devertisse
373 832 531 897 Eretriam
554 834 784 898 contendimus.

258 1018 444 1083 Proximum
469 1028 526 1100 est,
550 1029 584 1083 ut
599 1019 745 1084 Athenas
761 1019 802 1084 de
819 1018 927 1084 medio
944 1018 1104 1085 tollamus.
1143 1019 1242 1086 Cuius
1264 1022 1312 1086 rei
1335 1023 1408 1104 ipso

171 1123 311 1186 carmine
340 1120 476 1186 facultas
505 1142 544 1186 ae
572 1123 709 1186 materia
738 1120 971 1204 suppeditatur.
1016 1120 1169 1187 Versibus
1194 1126 1407 1188 1051-1059

170 1244 190 1287 a
212 1224 346 1288 lentisco
370 1224 463 1304 signa
485 1224 686 1306 tempestatis
708 1225 775 1305 peti
801 1224 889 1288 iubet
911 1225 1045 1288 Aratus:

299 1322 445 1406 τριπλόα
468 1323 504 1388 δὲ
528 1337 639 1404 σχῖνος
660 1329 757 1402 καίει,
780 1327 915 1405 τρισσαὶ
939 1324 976 1387 δέ
999 1324 1030 1388 oi
1055 1309 1152 1400 αὖξοι

298 1432 448 1510 γίνονται
470 1439 627 1511 καρποῖο,
651 1431 746 1512 φέρει
771 1425 807 1490 δέ
829 1449 864 1490 τε
888 1419 1019 1508 σήμαθ’
1046 1424 1167 1510 ἑκάστη

299 1527 405 1615 ἑξείης
428 1522 549 1612 ἀρότῳ.
593 1531 650 1594 καί
673 1527 736 1612 γάρ
758 1520 787 1590 τ’
815 1520 995 1611 ἆροτησιον
1019 1519 1107 1615 ὥρην

298 1630 444 1712 τριντλόα
467 1636 650 1717 μείρονται,
674 1635 801 1716 μέσσην
826 1632 880 1694 καὶ
906 1623 962 1693 ἐπ’
990 1622 1155 1716 ἆμφότερ)
1182 1623 1276 1710 ἰίκρα.

300 1736 435 1816 πρῶτος
457 1733 518 1815 μὲν
541 1730 678 1818 πρώτην
704 1726 829 1815 ὄῖροσιν,
853 1737 978 1812 μέσσος
1001 1731 1037 1795 δέ
1058 1755 1095 1795 τε
1117 1735 1242 1818 μέσσην

300 1833 429 1917 καρπὸς
453 1828 665 1918 ἀπαγγέλλει,
689 1832 845 1920 ντνμάτην
867 1858 903 1909 χε
925 1834 985 1915 μὲν
1009 1833 1148 1914 ἔσχατος
1170 1828 1292 1898 ἄλλων.

299 1929 414 2002 ὅντινα
436 1935 498 2021 γὰρ
520 1936 683 2001 κάλλιστα
707 1937 821 2021 ίοχαίη
847 1950 957 2016 σχῖνος
980 1931 1110 2023 ἄρηται,

299 2046 396 2124 κείνῳ
419 2035 450 2123 χ’
478 2037 514 2116 ἐξ
536 2033 645 2102 ἄλλων
669 2033 786 2120 ἄροσις
809 2037 993 2122 πολυλήιος
1015 2037 1082 2126 εἴη,

299 2146 347 2226 τη]
371 2142 407 2205 δέ
430 2135 461 2225 y’
490 2134 711 2226 ἀφαυροτέρη)
735 2132 839 2226 ὀλίχη,
862 2145 977 2225 μέσσην
1001 2141 1037 2205 δέ
1059 2164 1096 2205 τε
1118 2144 1234 2226 μέσση.

171 2247 287 2311 Planta
303 2248 365 2311 ista
380 2266 437 2328 per
453 2246 593 2310 Atticam
610 2252 643 2308 et
658 2244 873 2309 continentem
889 2244 1013 2328 raram),
1029 2244 1223 2310 creberrima
1236 2262 1295 2326 per
1310 2244 1410 2308 maria

171 2349 286 2430 aegaei
315 2353 347 2411 et
376 2347 497 2411 insulas
527 2353 559 2411 et
588 2366 679 2411 oram
709 2345 907 2410 orientalem.
954 2346 1106 2413 Scatebat
1128 2344 1286 2426 Chius²¹)‚
1316 2344 1409 2411 Schi-

172 2469 272 2514 nussa
295 2450 392 2529 (quae
414 2468 531 2513 nomen
547 2447 623 2511 inde
639 2447 869 2528 acceperatl²²),
892 2448 983 2529 regio
999 2447 1291 2523 Halicarnassia.²³)
1321 2445 1411 2524 Quid

172 2552 269 2633 igitur
291 2551 491 2632 reliquumst,
516 2569 612 2630 quam
635 2557 670 2611 ut
693 2549 818 2611 lentisci
842 2548 967 2631 signum
991 2557 1057 2614 tam
1078 2548 1212 2631 pulchre
1229 2550 1410 2632 etcopiose

173 2653 326 2734 descripti
357 2671 374 2716 e
404 2670 509 2715 rerum
538 2655 652 2713 natura
681 2650 839 2730 receperit
868 2658 965 2732 poeta
995 2652 1064 2716 sive
1093 2653 1125 2714 in
1154 2651 1259 2715 insula
1284 2670 1412 2733 aegaea

173 2755 356 2836 scriptitans
372 2754 442 2818 sive
458 2754 490 2816 in
506 2771 563 2816 ora
578 2749 738 2816 asiatica?
768 2749 993 2817 Macedoniam
1009 2759 1106 2835 atque
1121 2752 1262 2817 Atticam
1277 2753 1410 2834 plantae

172 2857 312 2921 Arateae
337 2853 536 2918 abundantia
560 2862 591 2916 ct
613 2852 741 2916 bonitas
764 2852 939 2934 excipiunt.
984 2855 1127 2921 Ulterius
1155 2853 1434 2935 penetrabimus,-

173 2980 270 3024 unum
294 2959 322 3022 si
344 2956 568 3020 adiecerimus.
605 2953 694 3017 Nihil
719 2953 803 3017 enim
827 2955 965 3019 fatemur
987 2957 1116 3037 referre,
1140 2955 1226 3039 quod
1242 2955 1274 3018 in
1288 2947 1410 3021 ‘Theo-

173 3051 310 3144 phrasti'
338 3058 380 3123 de
403 3057 503 3138 signis
523 3057 683 3138 sylloga§
701 3058 740 3117 55
756 3056 877 3120 Aratea
896 3059 963 3122 fere
979 3059 1086 3123 insunt
1101 3064 1291 3141 praecepta:
1315 3050 1332 3121 ὃ
1350 3058 1412 3142 της

174 3166 286 3242 σχίνου
315 3154 445 3240 καρπὸς
474 3161 630 3243 σημαίνει
658 3152 737 3229 τοὺς
766 3149 923 3239 ἀρότους·
959 3157 1025 3239 ἔχει
1053 3158 1089 3222 δὲ
1119 3163 1196 3240 τρία
1218 3161 1319 3244 μέρη·
1353 3160 1409 3222 καὶ

174 3260 263 3326 ἔστιν
294 3255 311 3324 ὁ
344 3261 479 3340 πρῶτος
507 3260 567 3322 τοῦ
595 3257 731 3340 πρώτου
762 3255 885 3341 αρότου
922 3274 1074 3344 σημεῖον,
1109 3255 1126 3324 ὁ
1164 3259 1317 3343 δεύτερος
1349 3262 1411 3326 τοῦ

175 3364 340 3444 δευτέρου,
364 3355 381 3424 ὁ
405 3366 517 3442 τρίτος
539 3363 598 3424 τοῦ
621 3365 751 3442 τρίτον·
776 3363 830 3424 καὶ
855 3355 900 3437 ὡς
924 3351 963 3426 ίῖν
986 3361 1112 3427 τούτων
1134 3364 1226 3447 κλίνη
1248 3359 1411 3426 κάλλιστα

178 3484 377 3494 ---—-—

263 3545 296 3608 ²⁰)
314 3553 412 3614 σχῖνος
435 3543 512 3596 iuxta
536 3541 665 3618 σκόροδα
694 3540 781 3615 Τήνια
802 3547 941 3615 Aristoph.
956 3540 1051 3601 ‘Pluc’
1069 3563 1093 3600 u.
1107 3551 1166 3600 720.
1197 3540 1410 3615 ‘Theophrasti'

175 3630 209 3683 de
228 3629 341 3682 lentisco
361 3628 593 3696 disputatiuncula
612 3630 678 3683 nihil
697 3630 732 3681 ad
750 3630 882 3685 Athenas,
1226 3623 1229 3629 ’

261 3715 292 3778 ²¹)
311 3713 485 3768 Dioscorides
500 3708 553 3767 ‘De
576 3715 691 3768 materia
709 3708 827 3768 medica'
846 3716 914 3778 151,
928 3722 961 3771 90
980 3715 1117 3784 Sprengel.
1148 3715 1227 3770 Hehn
1241 3709 1411 3784 ‘Oultnrpll’

173 3818 199 3868 p.
214 3803 273 3852 343.

262 3884 294 3947 ⁶²²)
313 3883 430 3935 Bursian
451 3877 634 3950 ‘Geographie
658 3901 710 3937 von
735 3877 950 3940 Griechenland'
975 3884 1028 3938 113
1054 3901 1080 3952 p.
1095 3890 1153 3940 510.
1195 3885 1272 3938 Alias
1295 3885 1410 3953 insulas,

178 3969 296 4040 Cyprum
314 3968 486 4036 praesertim,
505 3968 621 4022 Rossius
636 3961 824 4024 ‘luselreisen'
843 3971 957 4025 lentisco
976 3970 1070 4038 plenas
1088 3969 1190 4037 passim
1208 3975 1411 4024 commemorat.

262 4053 295 4119 ²³)
312 4052 452 4106 Herodoto
477 4053 571 4119 planta
595 4055 685 4120 patria
702 4057 730 4106 et
752 4054 821 4108 adeo
847 4060 978 4109 consueta
996 4058 1070 4118 erat,
1088 4057 1118 4107 ut
1135 4053 1221 4107 lotum
1238 4053 1357 4122 libycum
1375 4053 1411 4108 ad

173 4139 280 4192 lentisci
293 4136 492 4192 similitudinem
503 4136 622 4203 exigeret
633 4138 671 4191 lV
683 4143 740 4191 177.
767 4138 864 4194 Cicero
878 4139 911 4193 de
924 4140 1038 4194 lentisco
1055 4143 1135 4206 (quae
1146 4152 1195 4206 per
1212 4137 1319 4191 Italiam
1328 4139 1411 4193 meri-

174 4223 310 4278 dionalem
324 4223 452 4277 mediocri
465 4222 586 4276 bonitate
604 4228 659 4277 est:
678 4225 757 4278 Hehn
769 4240 796 4291 p.
810 4228 870 4290 340)
888 4227 980 4279 multis
992 4224 1080 4279 modis
1093 4223 1201 4278 edoceri
1219 4222 1316 4290 potuit,
1336 4223 1412 4277 uelut

176 4324 191 4362 e
210 4309 307 4364 Boethi
326 4308 429 4362 Sidonii
449 4309 640 4362 commentario
660 4310 769 4362 Arateo.
