3166 5166
118 345 178 399 v11.
198 343 339 401 EUDOXI
357 343 472 398 ONIDII
490 343 724 399 FRAGMENTA
743 344 794 396 EX
813 344 1021 400 HIPPARCHO
1041 345 1241 400 CONLECTA.
1286 345 1347 403 287

89 569 91 573 1
118 514 162 582 τὸ
187 514 271 581 κατὰ
300 514 414 581 πάντα
442 515 629 598 μαχόμενον
655 519 697 602 τῇ
720 515 943 602 διεψευσμένῃ
966 513 1135 582 ὑποθέσει
1159 515 1349 600 ἐπιλαμβά-

119 623 243 685 νεσθαι
277 611 400 697 αὐτῶν)
434 608 495 683 niio
528 617 606 704 τύχῃ
635 612 709 703 (oio)
740 617 927 705 συμφώνως
957 619 1117 703 λεγόμενα
1146 634 1217 696 τοῖς
1247 618 1280 685 ἒν
1308 623 1350 706 τῇ

67 735 96 784 25
116 718 247 788 Ἑλλάδι
277 724 504 808 φαινομένοις.
543 715 741 785 ὑποκείσθω
772 720 807 785 δὲ
830 716 908 804 ἡμῖν
939 717 1058 803 ὁρίζων
1081 718 1168 805 πρὸς
1191 718 1249 808 τὴν
1274 720 1349 786 ἐπί-

120 835 241 908 σκεψιν
264 818 280 888 ὁ
307 821 340 889 ἒν
372 815 547 908 Ἀθήναις,
570 816 608 887 οὗ
632 821 722 888 ἐστιν
744 817 764 908 ἡ
788 828 924 910 μεγίστη
948 818 1054 910 ἡμέρα
1077 818 1173 907 ὡρῶν
1200 822 1349 910 ἰσημερι-

120 929 184 992 νιῦν
202 925 249 992 ιδ’
265 928 321 992 καὶ
337 923 368 1009 γ’
385 930 663 1012 πεμιιτημορίων,
680 921 718 989 τὸ
736 924 771 988 δὲ
790 923 915 1009 ἕξαρμα
931 927 990 990 τοῦ
1006 924 1114 990 πόλον
1132 927 1213 1008 περὶ
1228 931 1350 1008 μοίρας

120 1026 184 1107 λζ’.
229 1028 277 1094 cf.
301 1050 332 1111 p.
356 1032 415 1094 193
440 1029 507 1094 Pet.
598 1080 600 1085 .

208 1182 240 1232 24
258 1174 330 1234 ἄλλα
354 1181 417 1231 aute
434 1174 491 1236 κᾶν
508 1178 561 1231 edd
580 1177 611 1243 V,
630 1194 674 1231 om
692 1177 715 1231 L
736 1179 746 1245 ΙΙ
769 1178 847 1246 suppl
866 1178 994 1244 Scaliger.

204 1351 436 1432 Interpolatum
461 1371 532 1418 esse
555 1358 702 1435 putamus
726 1351 813 1433 quod
836 1352 989 1416 cancellis
1011 1352 1198 1433 saepsimus.
1236 1352 1350 1434 Neque

120 1455 206 1521 euim
218 1444 407 1518 ‘Euoeuno'
434 1454 492 1519 sed
506 1446 781 1519 ‘Punuuomums'
801 1456 934 1519 Aratum
951 1473 1022 1518 sese
1038 1452 1256 1535 adplicavisse
1271 1455 1349 1537 Hip·

120 1555 260 1640 parchus
283 1556 353 1638 ipse
381 1555 530 1621 ostendit.
570 1556 617 1620 ot.
640 1557 730 1622 eci.I
752 1556 784 1620 ΙΙ
806 1563 838 1620 et
861 1556 1002 1622 iuferius.
1048 1557 1133 1637 Ergo
1158 1575 1199 1620 ex
1222 1557 1350 1621 Eudoxi

118 1648 394 1723 ‘ennaremus'
413 1658 618 1723 altitudinem
634 1660 777 1741 polarem
795 1660 825 1734 (5
837 1681 845 1722 ε
859 1661 889 1733 3)
904 1657 1022 1724 Aratus
1046 1656 1153 1738 habet,
1170 1664 1205 1723 ut
1219 1673 1353 1724 consen·

121 1768 249 1826 uncum
274 1766 338 1840 est,
370 1765 402 1824 et
427 1755 465 1822 τὸ
496 1756 606 1842 ἕτερον
636 1757 806 1841 σύνταγμα
836 1767 884 1826 est
902 1752 1132 1841 ‘unorrucn',
1164 1761 1219 1825 ubi
1249 1762 1276 1826 si
1306 1762 1352 1824 ita

121 1863 271 1929 discessit
293 1861 464 1942 Eudoxus,
488 1868 522 1926 ut
550 1863 603 1924 42ο
628 1858 675 1925 15'
699 1863 873 1944 metiretur,
897 1883 968 1927 cum
992 1862 1094 1926 altero
1117 1862 1199 1927 libro
1223 1863 1277 1925 40⁰
1299 1860 1348 1925 54'

121 1973 329 2046 numerasset,
352 1965 573 2031 australiorem
591 1984 662 2029 eum
686 1964 784 2030 fuisse
800 1965 905 2030 locum
922 1966 1136 2045 consequitur,
1160 1983 1223 2046 quo
1240 1964 1351 2029 Pulu-

117 2076 280 2147 uummm,
310 2067 428 2149 altero,
459 2087 521 2148 quo
552 2066 656 2132 edidit
678 2067 877 2134 unorruun.
923 2067 1022 2130 Porro
1045 2069 1072 2130 si
1096 2077 1127 2130 et
1150 2066 1352 2148 Posidonius,

124 2167 310 2236 Cleomedis
327 2174 369 2250 (p.
383 2172 434 2251 40,
448 2171 487 2232 20
504 2167 619 2251 Ziegl.)
634 2168 783 2252 auotor⁸),
800 2176 832 2233 et
842 2168 969 2233 Attalus
985 2161 1353 2252 mathematicus‘regio-

123 2272 217 2337 nibus
232 2262 371 2354 graecis'
390 2272 481 2334 Arati
497 2270 700 2336 altitudinem
721 2272 865 2353 polarem
882 2270 960 2335 satis
982 2269 1188 2352 respondisse
1204 2270 1351 2334 adfirma-

124 2375 202 2439 bant
216 2374 351 2454 fortiter,
375 2373 585 2439 dissentiente
608 2373 738 2455 quidem
755 2373 957 2455 provectiore
973 2370 1151 2454 Hipparchi
1167 2374 1311 2456 scientia,
1336 2393 1353 2438 e

124 2475 262 2541 Graecia
277 2476 348 2557 ipsa
364 2476 604 2540 Pusnuonuun
621 2475 747 2540 Eudoxi
771 2496 826 2540 cur
848 2474 1029 2540 emittamus
1052 2475 1173 2539 nullam
1197 2476 1353 2540 rationem

122 2577 267 2663 proferre
289 2579 403 2660 possis.
441 2577 589 2643 Indidem
612 2578 694 2642 ultro
719 2578 920 2643 derivaveris
942 2577 1234 2659 septentrionaliori
1257 2579 1354 2642 alicui

123 2680 249 2762 regioni
265 2679 454 2746 Euonuxuu
476 2688 586 2763 aptum
610 2699 696 2745 esse:
721 2682 772 2746 cui
795 2700 867 2747 sese
889 2684 1006 2745 Aratus
1029 2699 1092 2744 nou
1115 2679 1252 2761 addixit,
1275 2680 1353 2763 Hip·

125 2781 280 2865 parchum
303 2774 329 2846 si
351 2781 524 2847 audiveris.
562 2781 712 2848 Scholam
730 2782 840 2864 Cyzici
856 2780 1010 2846 Eudoxus
1033 2783 1160 2864 aperuit
1182 2802 1220 2846 ao
1243 2789 1356 2865 postea

125 2883 221 2950 Ouidi
252 2883 472 2950 observitavit.
517 2884 631 2949 Nonne
654 2883 765 2967 Cyzici
791 2887 995 2964 Euoumuuu,
1022 2886 1156 2949 alteram
1181 2883 1356 2949 editionem

126 2988 177 3052 cui
200 2986 440 3050 Punuuouuun
464 2987 626 3069 inscripsit
641 2986 735 3050 Cnidi
758 2987 981 3069 promulgasse
1004 2986 1183 3051 censendus
1202 2986 1356 3051 Eudoxus

126 3090 159 3153 iu
181 3088 294 3171 paucis
315 3087 358 3153 ad
381 3089 493 3152 mutati
516 3088 670 3154 domicilii
694 3097 726 3153 et
748 3090 912 3171 regionem
935 3095 966 3153 et
988 3088 1211 3153 condicionem
1233 3107 1356 3152 accom-

126 3189 316 3255 modatam?
338 3191 442 3256 Aliter
458 3190 499 3255 de
515 3189 576 3256 hac
592 3211 626 3256 re
641 3192 785 3256 Ideierus
802 3192 957 3272 cogitavit
972 3191 1164 3274 interpolato
1177 3188 1357 3272 Hipparchi

128 3299 220 3357 textu
250 3292 405 3375 deceptus
431 3285 528 3357 ‘Abu
560 3293 618 3359 der
641 3293 724 3358 Beni.
748 3286 863 3358 Akad?
893 3295 973 3358 1830
998 3314 1028 3376 p.
1047 3295 1097 3356 53.
1141 3291 1358 3356 Nihilominus

54 3463 57 3472 ‚
129 3394 295 3458 inventum
319 3395 480 3476 quoddam
497 3395 617 3461 Ideieri
639 3396 823 3463 concordat:
857 3395 938 3458 Wos
952 3394 1048 3457 Arai
1061 3389 1358 3474 cibereenslnnnn'g

130 3490 196 3556 mc't
225 3494 401 3557 Eudoxus
437 3494 554 3580 (Hipp.
577 3497 645 3558 lc.
662 3500 692 3571 ο)
725 3517 790 3558 oon
825 3497 887 3559 o'er
915 3497 1014 3580 Lago
1046 3496 1104 3558 des
1132 3494 1267 3578 Kopfes
1300 3493 1358 3555 o’es

127 3594 314 3658 Droclrens
338 3595 385 3658 ι’νι
415 3591 567 3679 ἀρκτικός
588 3604 684 3681 sogt,
707 3604 809 3682 possi
831 3599 927 3662 ωιίιν
950 3597 1025 3681 onf
1042 3595 1098 3660 olio
1119 3597 1271 3660 Pollione
1293 3617 1358 3658 oon

131 3695 297 3773 Cnidosll.
331 3699 527 3778 Quibuscum
545 3704 675 3785 egregie
690 3704 836 3770 Avienus
852 3706 1022 3787 conspirat.
1061 3704 1117 3768 Bis
1132 3704 1189 3767 ille
1212 3704 1244 3766 in
1265 3696 1356 3764 ‘Ara-

217 3888 236 3946 ⁸)
254 3883 295 3938 Cf.
315 3899 374 3953 cap.
389 3885 454 3939 Vlll
474 3892 501 3939 et
518 3901 588 3955 quae
600 3887 637 3939 M.
653 3885 681 3939 C.
696 3885 726 3940 P.
741 3879 991 3940 Schmidt‘Philol.'
1002 3885 1078 3940 XLII
1090 3902 1116 3953 p.
1134 3890 1246 3953 ll3sqq.
1266 3884 1358 3952 dispu-

128 3969 204 4023 tavit.

217 4055 238 4121 ο)
256 4056 401 4124 Repugnat
410 4056 551 4112 Balforeus
565 4058 637 4126 apud
649 4059 761 4112 Bakium
772 4056 799 4111 in
810 4052 1110 4113 Cleomedis‘circulari
1122 4050 1260 4111 doctrina'
1272 4074 1299 4125 p.
1310 4060 1359 4111 322

130 4143 163 4197 de
182 4143 318 4197 Draconis
337 4143 438 4211 capite:
458 4147 520 4195 Hoc
537 4150 618 4196 etrum
636 4150 736 4210 arguit
752 4163 805 4194 non
823 4163 880 4195 esse
890 4163 1025 4210 graecum
1045 4148 1134 4205 clima,
1155 4162 1213 4192 cum
1232 4148 1360 4194 maiorem

131 4231 177 4279 hic
189 4247 273 4295 quem
291 4233 320 4279 in
335 4248 440 4294 graeco
458 4235 565 4282 olz'mote
579 4235 641 4295 poli
651 4234 828 4280 elevationem
841 4248 896 4280 esse
909 4238 1038 4293 oporteat.
1072 4233 1099 4279 U
1100 4234 1127 4280 bi
1138 4233 1208 4279 enim
1220 4231 1360 4278 Draconis

131 4322 259 4379 caputet
277 4317 390 4366 Helices
410 4320 495 4379 pedes
516 4321 625 4381 priores
640 4320 785 4382 finientem
809 4323 943 4379 tangunt,
965 4319 1048 4379 polus
1069 4324 1156 4378 supra
1182 4332 1241 4363 eum
1265 4331 1319 4363 uno
1337 4321 1364 4362 et
