3166 5166
215 328 254 386 32
752 327 906 383 ARATEA

418 506 601 568 Αοσιυτεε.
1043 501 1254 567 Μυσαῐιυιιε.

214 604 247 670 οί
266 606 413 684 Τιτᾶνες,
439 599 485 680 ὥς
506 605 562 668 καί
584 599 679 688 παρὰ
694 594 803 666 Άντι-
855 597 921 667 ὑπὸ
939 604 999 667 τοῦ
1012 602 1121 680 Διός),
1142 596 1239 667 ἄλλοι
1254 599 1333 677 τοὺς
1349 596 1448 666 άδελ·

213 704 308 791 μάχην
337 708 386 783 (fr.
410 710 450 770 42
473 707 543 780 KQ·
573 708 740 793 «γηγενέας
767 727 804 768 τε
856 701 941 789 φοὺς
969 706 1028 769 τοῦ
1058 697 1158 779 Διάς·
1189 701 1354 788 πρότερον
1383 701 1448 787 γάρ

214 805 318 884 θεους
345 811 607 894 προτερηγενέας
637 809 802 894 Ὶιτηνας.
855 804 1009 891 γεγόνασι
1031 798 1112 869 καθ
1135 799 1294 870 Ἡσίοδον
1309 805 1447 890 (Theog

214 911 269 975 καὶ
287 901 433 997 Όμηρος
463 912 513 988 (11.
529 911 606 975 XIV
622 913 694 974 201
712 911 802 983 302)·
856 910 930 982 468)
943 911 995 986 (3)
1029 897 1084 996 (Q)
1095 911 1262 993 προτέραν
1278 903 1370 994 [δε]
1353 931 1448 994 ημων

177 1026 191 1072 5
214 1004 377 1078 «Ὠκεανόν
399 1035 444 1092 τε,
473 1013 564 1077 θεῶν
587 1014 724 1095 γένεσιν,
747 1011 802 1074 καὶ
854 1009 985 1094 γενεάν,
1014 1009 1093 1086 τούς
1119 1008 1273 1094 πρώτους
1299 1012 1353 1075 καὶ
1378 1006 1486 1091 πρὸσ

213 1117 339 1202 μητέρα
359 1112 614 1201 Τηθύν»(--2).
649 1137 678 1176 ει
669 1106 783 1176 'QQ
759 1134 804 1186 ως
855 1105 989 1199 ἡμιῦν’
972 1111 1200 1194 αστρονόμους
1222 1116 1277 1190 (4).
1314 1112 1448 1193 βέλτιον

214 1213 301 1303 πρὸς
317 1206 707 1300 άνθροίπουςπροτέρα>
727 1212 803 1301 νοη-
856 1213 892 1278 δὲ
916 1211 993 1300 [καὶ]
1016 1213 1094 1291 τοὺς
1119 1206 1231 1302 ἥρωας
1259 1212 1338 1290 τούς
1360 1238 1448 1298 προ-

215 1340 330 1401 σομεν,
366 1319 456 1403 λέγοι
484 1306 525 1381 άν
555 1315 614 1403 τὴν
643 1315 803 1402 τετάρτην
854 1319 968 1401 τέρους
996 1312 1089 1404 ἡμῶν
1118 1321 1289 1396 νοεῖσθαι,
1320 1309 1366 1381 ιάν
1390 1319 1448 1382 καὶ

215 1413 284 1484 άπὸ
308 1422 367 1484 τοῦ
387 1421 510 1505 χρυσοῦ
527 1423 640 1504 γένους
655 1416 714 1505 τὴν
736 1421 803 1483 τῶν
854 1415 896 1481 τά
912 1415 1023 1482 πολλά
1044 1421 1110 1483 των
1127 1412 1258 1503 άστρων
1275 1417 1445 1500 ἐπώνυμα,

164 1534 192 1584 10
213 1517 368 1609 ἡμιθέων
411 1523 555 1600 (Hesiod.
598 1522 681 1605 Opp.
720 1525 801 1597 160).
856 1517 928 1584 οἷον
950 1519 1100 1605 Περσεὺς
1119 1516 1237 1606 Ὠρίων
1260 1523 1313 1599 (5).
1473 1529 1500 1580 10

213 1618 308 1707 ἡμεῖς
336 1622 398 1707 γὰρ
427 1626 485 1711 τῆς
511 1627 669 1710 πέμπτης
691 1625 805 1705 γενεάς
969 1675 972 1679 .

257 1831 430 1915 «Τιτῆνας»
454 1827 489 1892 δὲ
517 1826 572 1893 διὰ
596 1830 694 1892 τοῦτο
718 1828 805 1910 λέγει

212 1935 351 2012 χαίρειν,
376 1926 493 2006 ἐπειδὴ
508 1931 563 1993 καὶ
588 1926 621 1994 ἒν
636 1942 709 2006 τοῖς
731 1927 806 2016 ἑξῆς

163 2045 190 2094 15
208 2024 421 2114 Ἀστραῖον“
404 2055 461 2096 ενα
475 2034 542 2095 τῶν
558 2031 709 2097 Τιτάνων
724 2024 805 2096 άντα

216 2129 312 2216 ὑμνεῖ
333 2135 434 2216 λέγων
458 2138 499 2211 (v.
516 2136 670 2208 98-99)

303 2228 364 2300 είτ
400 2231 456 2299 οὖν
485 2228 663 2360 Ἀστραίου
697 2240 805 2300 κείνου

414 2341 516 2420 γένος,
540 2361 577 2401 ov
594 2362 635 2422 ρα
627 2335 687 2400 τέ
702 2358 807 2422 φασιν

307 2431 470 2522 άστρων
453 2452 589 2523 αρχαῑον
605 2433 723 2519 πατέρ
749 2437 806 2519 ἔμ-

167 2557 195 2606 20
413 2565 520 2622 μεναι.

218 2642 357 2708 δύναται
390 2643 426 2708 QQ
458 2640 496 2708 τὸ
533 2637 612 2707 αὐτὸ
647 2644 701 2707 καὶ
736 2655 808 2719 τοῖς

217 2749 474 2832 προειρημένοις
488 2747 542 2808 καὶ
558 2757 629 2820 τοῖς
646 2743 808 2830 ἐπιφερο-

216 2852 329 2930 μένοις
352 2845 597 2925 σννάπτεσθαι,
621 2839 737 2929 ὥσπερ
753 2849 807 2912 καὶ

217 2955 360 3032 «χαίρετε
375 2948 411 3013 δὲ
426 2952 581 3014 Μοῦσαι»
596 2956 638 3024 (v.
658 2953 707 3027 16)
723 2942 804 3012 καθ)

168 3066 195 3115 25
219 3050 328 3118 ἑαυτό.
420 3048 492 3117 εἶτα
508 3050 612 3133 «μάλα
628 3054 752 3115 πᾶσαι»
766 3056 807 3129 (v.

221 3160 271 3233 17)
294 3148 354 3242 ὑφ’
382 3153 425 3220 ἓν.

261 3256 336 3339 ἐμοί
357 3281 393 3342 γε
416 3294 457 3303 -
480 3250 623 3341 άστέρας
650 3255 759 3321 εἰπεῖν
787 3249 808 3342 ᾗ

217 3363 320 3439 θέμις
351 3354 514 3444 εὐχομένω
536 3357 719 3445 τεκμήρατε
745 3362 808 3423 πᾶ-

219 3482 281 3526 σαν
306 3455 434 3544 ἀοιδήν]
455 3458 493 3525 τὸ
511 3464 640 3541 «θέμις»
664 3454 807 3546 ἀμφίβο-

167 3575 195 3624 30
218 3562 292 3627 λον·
315 3556 391 3646 ἤτοι
412 3560 473 3644 γὰρ
496 3565 544 3646 τη]
559 3568 713 3648 προτέρην
737 3585 807 3629 συν-

255 3702 267 3751 1
279 3689 318 3761 ὥς
330 3694 440 3763 scripsi:
459 3691 527 3761 ἴσως
539 3695 564 3750 V
576 3697 586 3764 ΙΙ
600 3701 614 3750 3
628 3717 660 3754 τε
672 3701 735 3751 ante
752 3703 808 3754 Τιτ.

219 3781 256 3835 V:
275 3797 318 3835 om
331 3780 447 3834 editores
460 3780 614 3835 Antimachi
626 3782 634 3848 ΕΙ
648 3787 680 3836 24
690 3784 809 3855 χαίρετε

218 3866 299 3919 etiam
317 3867 345 3919 in
359 3865 499 3919 Marciano
512 3866 606 3920 eodem
619 3868 683 3921 vitio
696 3869 808 3921 metrico

218 3951 354 4018 affectum,
373 3951 408 4004 cf
421 3966 448 4018 p.
462 3956 495 4004 40
506 3950 515 4019 ss
528 3954 560 4005 25
573 3955 664 4008 πᾶσαι
681 3952 763 4005 etiam
780 3952 808 4005 in

219 4034 358 4089 Marciano
372 4039 381 4103 ss
395 4037 458 4089 27‘
445 4057 463 4106 η
481 4036 578 4104 scripsi
596 4051 629 4088 ex
647 4037 809 4104 paraphrasi

219 4113 258 4185 ὡς
275 4124 424 4192 προσῆκον
448 4119 583 4186 offerenti3
609 4121 714 4174 accedit
703 4121 809 4189 tquod

218 4208 300 4259 verba
317 4201 544 4277 άοτέραςείπεῖν
561 4221 614 4258 non
627 4203 743 4272 υθέμις
761 4205 809 4259 sed
896 4155 1241 4274 4ευρρ1ενὶειδὲάείενί
1271 4207 1280 4274 ΙΙ
1311 4203 1438 4259 Ἱκαὶεά

219 4290 254 4345 ab
272 4284 417 4366 εὐχομένη)
435 4306 567 4360 suspensa
584 4295 660 4344 sunt.
680 4289 707 4346 εί
723 4290 755 4344 V.
860 4291 920 4344 levi.
