3174 5160
444 352 518 408 VIII.
537 353 589 407 DE
607 352 676 408 000
696 353 899 409 POETARUM
918 354 1122 410 SODALICIO.
1346 353 1408 412 317

169 525 226 589 καὶ
249 527 384 610 γένηται
406 519 601 607 ἁδρότατος,
625 517 731 602 οὕτως
753 524 819 602 ἕξει
842 528 896 590 καὶ
922 522 938 591 ὁ
964 523 1047 590 κατὰ
1071 529 1188 591 τοῦτον
1205 521 1334 610 ἄροτος.
1371 529 1407 592 In

169 627 303 694 laudem
324 629 455 711 plantae
478 630 609 711 longam
624 631 715 693 Arati
739 630 828 694 exire
852 629 1100 712 descriptionem
1123 631 1292 696 sentimus:
1316 633 1407 713 legas

169 730 267 796 modo
296 749 408 796 versus
436 731 683 796 formosissimas
711 750 750 795 ac
779 731 914 812 relegas.
960 732 1044 796 Hinc
1072 736 1194 795 tantum
1223 734 1406 814 conligitur,

170 833 226 896 ubi
249 851 378 896 carmen
400 833 477 898 fecit
499 837 615 898 Aratus
639 832 683 895 ihi
707 833 875 897 lentiscum
898 832 1091 897 abundasse.

258 932 402 999 Solensis
425 942 494 999 erat
514 937 648 1015 Aratus,
677 954 716 998 ac
745 935 815 998 sive
839 934 925 1000 Solis
948 937 1017 999 sive
1040 934 1119 998 alibi
1143 935 1286 1016 videtur,
1317 943 1403 1000 ante-

172 1055 269 1118 quam
292 1036 381 1118 apud
397 1035 481 1101 Coos
491 1037 596 1101 -variis
619 1054 736 1100 vacare
759 1035 873 1101 studiis
896 1042 1055 1118 pergeret,
1078 1036 1264 1118 primordiis
1287 1039 1405 1103 littera·

171 1157 241 1202 rum
258 1137 401 1203 eruditus
418 1158 498 1203 esse.
536 1137 751 1202 Menecratem
768 1136 942 1219 Ephesium
960 1139 1013 1201 ubi
1037 1138 1199 1202 audiverit
1222 1145 1254 1202 et
1276 1148 1405 1221 poetam

172 1245 204 1302 et
225 1241 488 1321 grammaticum,
515 1260 573 1321 pro
596 1246 683 1304 certo
705 1257 800 1304 nemo
823 1239 919 1304 facile
942 1241 1070 1304 dixerit.
1079 1240 1111 1316 24)
1157 1240 1251 1323 Hugo
1275 1241 1406 1307 Grotius

172 1340 313 1405 sedecim
342 1360 496 1406 annorum
527 1341 788 1408 adulescentulus
810 1339 902 1405 Arati
921 1333 1176 1407 ‘Phaenomena’
1204 1343 1303 1406 latine
1332 1363 1406 1407 con·

171 1442 269 1506 vertit
292 1450 324 1506 et
345 1450 470 1524 partem
494 1444 684 1526 explanavit
704 1443 881 1523 praeclare.
912 1444 1030 1508 Aratus
1054 1444 1166 1525 quidni
1188 1451 1263 1509 ante
1287 1447 1406 1510 mansi·

128 1569 132 1578 ·
172 1561 265 1607 onem
295 1542 394 1609 Ooam
425 1552 649 1627 argumentum
678 1546 927 1609 astronomicum
958 1545 1103 1610 versibus
1134 1552 1272 1611 tractare
1302 1548 1407 1628 potuit

171 1644 388 1711 adulescens?
422 1647 505 1711 Nam
527 1667 567 1712 ne
590 1646 625 1710 id
641 1647 771 1728 quidem
789 1647 820 1708 in
838 1647 1006 1728 propatulo
1023 1654 1080 1726 est,
1105 1667 1168 1729 quo
1184 1647 1404 1713 Aristotherus

171 1751 327 1810 terrarum
350 1748 536 1813 referendus
559 1748 715 1812 videatur.

258 1935 405 2000 Tandem
432 1936 506 2018 ipsa
533 1936 692 2017 prodeant
717 1925 971 1999 ‘Phaenomena'
1005 1935 1059 1998 ubi
1089 1937 1210 2018 scripta
1243 1936 1306 2000 sint
1336 1936 1407 2017 ipsa

173 2036 399 2102 testificatura!
434 2035 577 2119 Originis
593 2042 686 2102 notas
701 2043 734 2101 et
749 2037 897 2118 vestigia,
921 2037 983 2101 nisi
1006 2037 1115 2101 omnia
1138 2037 1255 2101 callide
1279 2039 1406 2102 sustulit

171 2146 284 2221 poeta,
315 2159 374 2204 nos
404 2138 650 2205 redinventuros
673 2137 873 2203 confidimus.
918 2136 1114 2202 Certavere
1138 2138 1228 2202 dabit
1249 2139 1406 2219 prooemii

172 2240 403 2322 interpretatio.
448 2242 477 2303 A
501 2241 591 2305 cuius
614 2241 702 2304 exitu
726 2240 976 2321 incipiendumst
998 2261 1028 2301 v.
1049 2245 1162 2322 t5sq.:

297 2354 392 2423 χαῖρε
415 2335 532 2423 πάτερ,
556 2344 640 2424 μέγα
663 2343 790 2422 θαῦμα,
815 2334 888 2424 μέγ’
917 2340 1159 2422 ἀνθρώποισιν
1182 2334 1312 2426 ὄνειαρ,

303 2435 404 2518 αὐτὸς
424 2446 480 2508 καὶ
504 2446 649 2529 προτέρη
673 2440 776 2528 γενεή.

170 2544 270 2612 Missa
291 2545 427 2613 facimus
450 2547 662 2612 recentiorum
687 2546 923 2625 commenta²⁶t,
951 2546 1107 2610 mittimus
1129 2548 1285 2628 pleraque
1309 2550 1406 2613 etiam

171 2647 377 2730 antiquorum
407 2656 494 2714 recte
524 2649 589 2712 iam
611 2667 631 2711 a
658 2647 832 2712 scholiasta
858 2647 997 2712 refutata
1026 2647 1077 2722 (cf.
1102 2666 1133 2728 p.
1149 2649 1200 2710 22.
1218 2650 1279 2723 32).
1325 2647 1407 2726 ἴσως

173 2741 241 2813 ἀπὸ
273 2750 342 2812 τοῖν
379 2747 552 2825 σπονδῶν,
586 2748 635 2831 τῷ
669 2744 729 2831 τὴν
758 2747 818 2826 μὲν
847 2746 983 2833 πρωτην
1014 2744 1161 2832 οπονόὴν
1192 2743 1278 2814 εἶναι
1306 2749 1408 2831 <Διὸς

169 2841 353 2931 Ὀλυμπίου
376 2848 490 2934 καὶ>’“)
513 2853 581 2914 τῶν
604 2851 695 2913 θεῶν
719 2851 784 2910 τῶν
804 2842 1012 2930 Ὀλυμπίων,
1049 2846 1201 2931 δεύτερον
1232 2850 1267 2915 δὲ
1289 2848 1407 2938 ἡρώιον

171 2953 225 3016 καὶ
248 2958 364 3038 τρίτην
386 2949 472 3027 Διὸς
494 2953 649 3038 Σωτῆρος
677 2972 759 3017 unus
789 2971 807 3016 e
835 2952 999 3017 veteribus
1023 2953 1235 3033 existimavit,
1262 2956 1407 3021 modeste

172 3053 227 3121 ille
250 3055 383 3138 quidem
405 3055 464 3121 scd
486 3056 627 3121 omnium
643 3054 818 3121 verissime.
858 3053 980 3119 Herocs
1003 3055 1044 3117 ab
1068 3052 1251 3120 hominibus
1273 3077 1336 3121 non
1360 3058 1406 3121 di-

174 3159 257 3222 versi
282 3156 457 3222 humanum
480 3158 567 3240 quod
590 3177 673 3223 nunc
696 3165 745 3222 est
767 3175 868 3237 genus
891 3162 997 3220 aetate
1020 3157 1277 3237 praecesserunt!
1320 3159 1408 3224 Dicit

174 3255 235 3324 hoc
256 3259 392 3341 Aratus;
420 3279 526 3342 neque
555 3259 649 3322 aliter
672 3256 835 3324 Hesiodus
857 3249 1002 3338 ‘Theog'
1028 3277 1059 3321 v.
1076 3261 1220 3322 99—101
1248 3267 1279 3322 et
1298 3253 1403 3344 ‘Opp'

177 3361 347 3443 160sq.²'):

258 3543 292 3604 ²⁴)
310 3541 352 3597 Cf.
372 3541 530 3610 epimetrum
548 3541 570 3594 I.

258 3627 292 3690 ²³)
310 3626 390 3694 Hugo
414 3626 526 3680 Grotius
548 3640 691 3694 perperam
715 3627 803 3679 Solem
824 3626 939 3680 adscivit
964 3629 1021 3694 p.2
1046 3625 1231 3678 commentarii
1255 3630 1299 3687 tct'.
1324 3643 1407 3695 supra

177 3724 235 3780 cap.
248 3711 305 3771 VI).
336 3711 424 3765 Buhle
441 3711 493 3779 lp.
509 3715 559 3766 380
579 3710 611 3762 de
631 3710 762 3763 Grotiana
775 3712 943 3764 coniectura:
963 3715 1033 3762 mz'lzz·
1049 3730 1102 3761 non
1115 3713 1232 3779 sufficit,
1252 3716 1301 3761 sed
1314 3717 1408 3777 potius

176 3800 294 3846 arbitror
313 3800 401 3847 locum
419 3815 476 3848 esse
494 3803 655 3861 corruptum
673 3802 699 3842 et
712 3804 766 3859 pro
785 3801 902 3860 vulgato
915 3801 1063 3861 legendum
1081 3815 1137 3846 esse
1155 3805 1252 3858 αυτοῖς
1269 3802 1317 3850 καί
1335 3816 1407 3867 προ·

176 3879 240 3951 τέρη
258 3877 348 3950 γενεή.
368 3886 408 3931 ita
425 3891 458 3932 ut
474 3891 558 3932 totum
576 3886 745 3932 commatium
764 3886 902 3946 iungatur
921 3899 980 3930 cam
998 3884 1170 3930 antecedenti
1185 3874 1367 3949 ἀνθρώποισι
1381 3927 1406 3937 ,,

173 3957 235 4029 ιριιί
248 3973 315 4015 sunt
331 3974 358 4015 et
376 3971 426 4031 qui
441 3976 506 4016 ante
518 3963 663 4034 suerunt'.

260 4050 294 4113 ²⁶)
312 4050 502 4118 Supplevimus
520 4066 554 4103 ex
566 4051 673 4105 Achille
691 4053 708 4104 l.
723 4067 747 4104 c.
767 4059 792 4103 et
811 4050 923 4104 Polluce
941 4051 978 4102 Vl
994 4056 1033 4113 15,
1053 4051 1125 4115 quod
1142 4065 1196 4101 non
1214 4050 1290 4102 licuit
1307 4051 1334 4102 in
1353 4051 1407 4104 edi-

177 4131 303 4187 tiuncnla.

261 4219 293 4284 ²⁷)
309 4218 384 4273 Ante
402 4220 467 4274 deos
486 4221 625 4289 Olympios
638 4220 749 4274 Titanes
769 4219 853 4273 luisse
871 4220 963 4273 itidem
981 4219 1116 4286 expressit
1134 4218 1268 4273 Hesiodus
1284 4212 1407 4286 ‘Theog‘

177 4317 200 4356 r.
213 4306 324 4372 Atiam:
347 4309 444 4376 Τιτῆσι
461 4301 533 4373 μετὰ
546 4300 718 4377 προτέροισι
736 4309 856 4360 θεοῖσιν.
887 4303 957 4357 Hinc
969 4303 1149 4356 Antimachus
1167 4303 1200 4356 fr.
1215 4306 1247 4355 42
1261 4303 1294 4355 K.
1314 4306 1408 4372 (supra
