3174 5160
290 364 338 417 111.
358 361 409 415 DE
429 362 542 416 ARATI
561 362 830 419 INTERPRIITUM
849 364 910 433 Qui
928 364 1079 419 FERTUR
1097 365 1301 421 CATALOGO.
1349 366 1409 424 143

124 625 125 628 ¹
265 535 433 603 Eucrnno
456 541 489 602 et
505 537 710 619 Pmnmuus,
735 539 856 604 saeculi
878 539 983 621 quarti
1007 540 1180 605 astronomi
1203 545 1235 604 ct
1256 538 1410 604 fastorum

183 646 388 722 correctores,
411 659 474 704 non
490 639 587 705 modo
603 641 685 705 inter
704 641 895 723 praecipuos
911 642 1029 706 vetusti
1051 641 1288 724 parapegmatis
1303 639 1408 705 Gemi-

180 742 266 806 niani
280 741 395 820 (Blass.
408 762 439 824 p.
454 746 485 817 7)
493 741 530 825 ⁵⁰)
545 749 578 808 et
588 742 766 808 Ptolemaei
779 734 1074 827 ‘Apparentiarum'
1089 749 1236 808 auctores
1254 741 1410 807 habentur

181 842 411 921 (Wachsmuth.
431 837 555 929 ‘Lydus
585 845 633 908 De
663 836 808 909 ostentis'
835 865 864 927 p.
884 845 934 908 LI.
960 847 1047 927 173),
1078 845 1136 911 sed
1165 844 1345 911 accuratius
1368 843 1409 908 de

182 946 244 1011 illis
268 945 349 1012 hacc
364 945 450 1013 idem
466 947 617 1029 exposuit
631 946 786 1012 Geminus
806 966 836 1028 p.
855 949 894 1010 37
912 947 939 1010 D
962 947 1047 1011 Pet:
1070 951 1196 1030 γίνεται
1220 929 1277 1009 οὖν
1300 938 1317 1010 ὁ
1343 941 1409 1011 ἑνι-

183 1043 279 1124 αοτὸς
290 1039 366 1111 κατ’
383 1039 502 1123 αὐτοὺς
514 1048 764 1131 (Euctemouem,
777 1048 974 1133 Philippum,
990 1047 1185 1133 Callippum)
1197 1041 1328 1135 ἡμερῶν
1343 1045 1384 1123 τξ
1402 1040 1409 1062 '
1476 1088 1478 1092 ·

186 1150 236 1214 καὶ
261 1147 285 1214 ε’
312 1137 616 1213 insensatissime.
655 1151 910 1216 APOLLINARIUS
934 1156 966 1214 et
982 1151 1070 1213 Arati
1087 1150 1218 1217 scholiis
1234 1153 1408 1228 innotuil⁶¹)

183 1258 212 1317 et
233 1253 275 1316 ab
301 1251 427 1318 Achille
449 1252 682 1335 appellatur⁵²).
726 1253 955 1333 Bnauaoruus
982 1254 1036 1334 qui
1059 1253 1187 1319 nomine
1210 1259 1312 1336 caret,
1337 1274 1408 1319 cum

183 1355 326 1436 proximo
342 1354 590 1438 canonographo
605 1356 667 1420 uix
684 1355 855 1421 sociandus
871 1355 1010 1432 (fuerunt
1025 1354 1116 1417 multi
1131 1373 1189 1437 per
1205 1355 1264 1419 illa
1278 1357 1409 1421 saecula
1444 1398 1449 1405 -

182 1456 333 1538 astrologi
349 1456 543 1539 Babylonii),
559 1457 729 1524 sociandus
746 1477 824 1523 vero
840 1457 975 1522 fortasse
991 1455 1144 1522 Soumou
1159 1477 1231 1522 cum
1244 1448 1408 1539 ‘Sudine',

183 1558 267 1622 cuius
284 1558 479 1624 mentionem
496 1559 606 1624 Iniecit
621 1559 698 1623 XVI
720 1579 751 1642 p.
769 1563 830 1625 739
847 1558 962 1624 Strabo
970 1581 981 1629 z,
1001 1554 1074 1622 ἔστι
1097 1556 1201 1622 δὲκαὶ
1224 1559 1291 1623 τῶν
1313 1560 1408 1624 Χαλ-

183 1656 281 1722 δαίων
304 1660 371 1722 τῶν
396 1652 644 1744 ἁστρονσμικων
665 1663 740 1747 γένη
771 1660 877 1725 πλείω
900 1662 1165 1745 ...μέμνηνται
1196 1659 1231 1723 δὲ
1258 1662 1313 1725 καὶ
1343 1662 1409 1724 τῶν

184 1752 308 1844 ἀνδρῶν
332 1758 428 1827 ἐνίων
451 1760 485 1826 οἱ
506 1765 748 1847 μαθηματικοί,
772 1760 930 1847 καθάπερ
948 1761 1076 1849 Κιδρνᾶ
1092 1765 1198 1827 τεκαὶ
1215 1767 1408 1848 Ναβοορια-

183 1863 234 1926 νοῦ
263 1863 320 1927 καὶ
342 1863 513 1929 Σοοδίνοο.
559 1865 697 1932 Sudines
726 1867 786 1931 iste
817 1865 964 1948 Pergami
994 1865 1080 1948 apud
1109 1867 1252 1931 Attalum
1275 1867 1291 1930 I
1316 1873 1407 1932 vates
1508 1953 1510 1957 y

183 1973 245 2031 crat
265 1967 465 2051 publicus⁵³).

261 2070 465 2136 Enumeratio
507 2068 798 2136 uanonoomnms
840 2071 923 2135 duae
957 2072 988 2134 in
1027 2069 1138 2136 codice
1173 2070 1408 2153 subsequuntur

184 2172 308 2236 notulae
332 2171 373 2236 de
389 2192 540 2238 nonarum
556 2192 688 2237 numero
705 2179 737 2239 et
759 2172 799 2237 de
816 2179 919 2237 terrae
936 2172 1020 2254 apud
1036 2174 1169 2237 Aratum
1186 2173 1408 2255 magnitudine

181 2263 305 2338 ‘Herm'.
330 2273 408 2338 XVI
429 2295 460 2357 p.
479 2276 539 2340 389
563 2273 637 2338 adn.
662 2274 769 2340 editae
791 2295 811 2339 a
834 2275 934 2357 nobis,
959 2274 1076 2339 deinde
1100 2273 1161 2340 hoc
1185 2280 1386 2360 excerptum:

296 2365 359 2439 1ὅτι
374 2368 448 2439 οὔτε
459 2374 552 2461 κοίλη
565 2369 585 2462 ἡ
596 2375 646 2461 γῆ,
659 2367 705 2449 ὡς
716 2373 934 2460 Δημόκριτος,
952 2368 1026 2439 οὔτε
1038 2375 1192 2454 πλατεῖα,
1209 2367 1367 2451 ὦςἈναξ
1390 2411 1405 2420 -

215 2538 218 2542 .
302 2474 413 2561 μόρας,
437 2468 525 2555 ἀλλ’,
549 2471 600 2552 ὡς
624 2473 805 2561 εἴρηται,
831 2476 1057 2564 σφαιροειδής.
1076 2514 1116 2523 -
1140 2475 1176 2543 τὸ
1203 2476 1239 2542 δὲ
1260 2480 1405 2562 μέγεθος

305 2581 416 2662 (μέρος
431 2580 547 2656 codex)
573 2579 628 2664 τῆς
645 2579 714 2665 γῆς,
738 2572 782 2654 ὡς
801 2571 1050 2667 Ἐρατοσθένης,
1074 2580 1220 2645 σταδίων
1235 2579 1406 2665 μυριάδων

304 2679 349 2745 κε’
372 2681 430 2745 καὶ
450 2672 492 2763 β’.

262 2886 296 2948 ⁸⁰)
314 2883 518 2938 Demonstravit
536 2882 690 2937 Boeckhius
704 2876 806 2937 ‘Ueber
829 2881 873 2936 die
894 2881 1074 2952 vlerjthrigan
1098 2880 1312 2940 SonnenkreIse’
1331 2901 1357 2953 p.
1373 2888 1403 2937 25

180 2975 240 3023 anto
257 2969 445 3038 Hipparchum
463 2973 490 3021 et
507 2967 667 3022 Dositheum
684 2978 800 3021 excunte
821 2967 928 3021 saeculo
947 2984 972 3022 a.
992 2969 1054 3023 Chr.
1073 2969 1114 3022 III
1137 2970 1203 3023 illud
1228 2961 1418 3038 compositum

179 3067 235 3108 esse
248 3054 448 3109 calendarium:
461 3069 523 3121 ergo
536 3069 584 3108 cur
595 3053 648 3122 ipsi
660 3051 817 3121 Hipparcho
830 3052 1011 3120 adsignaverit
1023 3055 1074 3109 Th.
1088 3055 1271 3109 Mommsenus
1283 3050 1298 3119 1ι
1305 3055 1405 3109 Chron.

179 3132 270 3194 rom.'²
287 3156 314 3208 p.
330 3141 399 3206 57⁷⁸)
416 3139 578 3207 ignoramus.
616 3136 749 3192 Gitantur'
759 3138 802 3193 his
820 3139 911 3195 fastis:
931 3141 1005 3194 Meto
1020 3141 1151 3194 Euctemo
1163 3138 1334 3194 Democritus
1348 3141 1404 3192 Eu-

179 3223 264 3279 doxus
284 3224 423 3293 callippus
435 3224 592 3279 Dositheus.
623 3225 665 3277 De
678 3224 823 3278 Ptolemaei
837 3218 1038 3294 ‘Apparentiis’
1056 3226 1114 3280 vide
1133 3225 1213 3279 infra.
1251 3224 1405 3278 Recurrunt

176 3308 203 3363 iu
220 3327 325 3380 papyro
348 3310 415 3364 artis
434 3308 680 3364 Pseudoeudoxeae
699 3311 809 3364 saeculo
827 3327 852 3365 a.
873 3310 935 3366 Ohr.
955 3312 1039 3366 altero
1056 3310 1167 3364 ineunte
1185 3309 1326 3364 conlectae
1344 3309 1402 3362 Eu·

176 3401 263 3449 ctemo
282 3395 455 3450 Democritus
473 3393 605 3449 Eudoxus
624 3395 772 3465 Callippus.
809 3395 926 3449 Similem
945 3396 1060 3450 Pliniani
1078 3397 1276 3464 parapegmatis
1294 3389 1349 3460 (N.
1363 3389 1405 3447 H.'

175 3478 267 3533 XVIII
279 3483 340 3545 312)
358 3495 391 3534 ex
409 3478 531 3534 Varrone
548 3480 639 3534 hausti
661 3481 820 3534 laterculum
838 3481 969 3535 tractavit
986 3482 1106 3536 Boehme
1119 3475 1174 3534 ‘De
1192 3480 1405 3548 Theophrasteis

175 3580 244 3633 quae
266 3565 393 3620 feruntur
416 3568 487 3635 Περὶ
510 3562 635 3636 σημείων
659 3557 806 3634 excerptis’
825 3565 901 3620 Halis
922 3570 987 3620 1884
1005 3585 1030 3635 p.
1046 3573 1075 3621 71
1096 3573 1123 3620 et
1146 3567 1200 3620 alia
1223 3566 1353 3620 nonnulla
1372 3581 1405 3618 ex

173 3650 282 3704 deserto
299 3650 353 3705 hoc
369 3651 521 3705 litterarum
540 3666 635 3718 campo
654 3651 738 3718 petita
756 3651 901 3720 eprIcavit
919 3653 990 3705 haud
1008 3653 1148 3705 inutiliter.
1186 3652 1352 3720 Quamquam
1372 3651 1404 3704 de

172 3737 306 3805 opusculo
324 3735 370 3791 illo
384 3729 617 3806 ‘Theophrastcc‘
636 3737 674 3789 Ita
699 3739 914 3802 argumentatur,
938 3746 968 3791 ut
992 3738 1019 3790 ln
1039 3753 1142 3791 summa
1160 3737 1198 3790 rei
1215 3737 1331 3804 graviter
1349 3737 1403 3790 dis·

172 3822 344 3876 sentiendum
361 3822 491 3876 videatur.
528 3821 569 3876 Ol.
590 3828 672 3889 caput
689 3820 821 3875 ultimum.

260 3909 295 3972 ⁶¹)
313 3908 404 3962 Schol.
422 3909 458 3963 ad
469 3925 493 3962 v.
510 3912 572 3962 1051
591 3913 618 3962 et
633 3910 697 3961 1068
711 3921 744 3960 ex
756 3907 1163 3962 DiosemiarumcommcntarIo.
1182 3899 1403 3974 DIels‘Doxogr.’

168 4009 196 4062 p.
213 3998 253 4047 18.

260 4079 292 4144 ⁸²)
309 4078 341 4133 P.
356 4081 404 4134 139
414 4078 439 4131 D
451 4074 726 4153 ἐπραγματεύσαντο
745 4079 775 4134 δὲ
787 4081 890 4134 πολλοὶ
903 4080 968 4148 περὶ
979 4076 1136 4150 ἐκλείψεως
1148 4072 1229 4147 ἡλίου
1240 4071 1314 4133 κατὰ
1331 4071 1402 4132 ἑπτὰ

167 4167 311 4236 κλίματα,
329 4153 548 4238 ὥσπερ-Ὠρίων
567 4159 583 4219 d
601 4157 812 4236 ’.λπολλινοὲριος
831 4169 1011 4231 Πτολεμαῖος
1020 4154 1187 4233 Ἵππαρχος.
1222 4161 1296 4214 Diels
1311 4155 1403 4214 ‘Deru'

169 4270 199 4323 p.
217 4255 246 4305 18
267 4249 365 4305 similes
385 4251 523 4318 catalogos
541 4250 575 4303 de
593 4266 642 4304 suo
661 4249 795 4304 addidisse
812 4249 945 4302 Achillem
963 4256 1062 4311 censet,
1081 4248 1154 4300 velut
1172 4264 1198 4314 p.
1213 4250 1262 4299 136
1272 4247 1305 4300 A.

261 4337 294 4402 ⁸⁸)
312 4336 384 4391 Oder
400 4336 429 4390 in
447 4335 601 4390 Snsemihlii
614 4328 696 4388 ‘llist
716 4335 767 4389 litt.
788 4327 866 4388 alex.'
885 4334 898 4386 I
915 4352 943 4403 p.
956 4338 1004 4388 861
1016 4349 1055 4401 sq.
