3174 5160
446 360 519 414 VllI.
539 361 589 413 DE
609 363 677 417 COO
696 362 900 416 PuuTnRUM
919 363 1121 419 sousulclo.
1259 386 1262 394 ·
1340 366 1401 424 311

170 551 249 597 vero
271 533 300 598 si
316 532 496 599 Nicandros
518 535 599 598 duos
614 532 835 616 Colophonius
857 537 972 602 litteris
996 537 1124 602 deditos
1146 537 1302 606 habemus
1325 559 1403 622 qua-

170 633 322 716 draginta
343 635 410 699 iere
432 636 485 700 vel
504 636 737 717 quinquaginta
752 657 852 700 annos
868 639 950 701 inter
966 658 1000 703 se
1017 638 1202 721 diremptos,
1225 641 1402 707 verisimile

169 735 245 799 illos
279 735 378 800 fuisse
411 757 506 801 avum
542 747 574 801 et
606 747 755 819 nepotem
788 739 828 802 ab
863 759 925 803 avo
959 740 1208 805 denominatum.
1262 742 1404 808 Innotuit

171 835 211 900 de
245 836 480 903 Nicandrorum
518 844 614 920 gente
650 837 807 903 nihildum
845 847 973 922 praeter
1006 843 1233 923 Anaxagoram
1270 844 1403 910 iunioris

171 939 335 1020 patrem⁴t

258 1040 385 1105 Attalus
400 1047 600 1107 astronomus
616 1041 771 1124 Rhodius,
787 1044 896 1125 paullo
913 1042 1099 1128 Hipparcho
1115 1046 1285 1128 antiquior,
1302 1048 1402 1111 omni·

173 1139 233 1204 bus
255 1142 489 1224 propemodum
505 1145 596 1208 Arati
620 1148 661 1209 de
684 1147 775 1211 caelo
797 1146 927 1227 placitis
950 1146 1138 1228 subscripsit
1160 1153 1312 1228 tanquam
1335 1148 1404 1213 exi·

170 1241 245 1306 miis
268 1249 301 1306 et
323 1262 341 1307 e
362 1246 508 1326 perlecta
530 1253 562 1311 et
577 1254 798 1311 consummata
813 1245 953 1311 siderum
970 1249 1104 1312 scientia
1119 1246 1275 1314 deductis.
1306 1249 1404 1314 Plura

169 1343 202 1405 in
225 1347 393 1425 prooemio
416 1348 606 1413 academico
625 1341 691 1412 ‘De
706 1349 806 1412 Attali
827 1347 947 1413 Rhodii
969 1350 1157 1432 fragmentis
1172 1340 1311 1415 Arateis’
1339 1351 1401 1416 dis·

168 1446 362 1527 putavimus.

256 1547 418 1615 Leonidas
433 1551 635 1632 Tarentinus,
659 1553 750 1615 Arati
774 1552 839 1615 fere
863 1553 1018 1634 aequalis,
1041 1571 1103 1615 non
1127 1552 1222 1618 modo
1240 1553 1402 1636 poeticam

169 1645 257 1712 illius
286 1649 473 1716 facultatem
502 1652 560 1717 sed
589 1654 686 1717 etiam
716 1671 820 1716 rerum
853 1653 1069 1735 cognitionem
1099 1656 1215 1719 extulit
1242 1675 1306 1720 non
1332 1657 1402 1721 sine

168 1749 277 1815 studio
301 1755 440 1834 quodam
464 1761 495 1819 et
517 1756 729 1819 admiratione
749 1747 859 1818 ‘Antb
885 1745 963 1818 Pal?
989 1755 1009 1818 l.
1030 1776 1061 1838 p.
1078 1758 1140 1821 239
1154 1778 1195 1821 c.:

298 1857 329 1915 Γ
327 1854 442 1936 ράμμα
464 1849 537 1919 τόδ’
563 1848 717 1941 Ἀρήτοιο
741 1853 965 1939 δαήμονος,
990 1844 1027 1929 δς
1050 1880 1134 1919 ποτε
1156 1857 1288 1942 λεπτῇ

388 1958 587 2040 φροντίδι
610 1955 766 2043 δρναιοδς
790 1950 931 2038 ἀστέρας
954 1953 1135 2040 ἐφράσατο.

166 2045 266 2120 ‘Oura
281 2051 418 2125 subtilis’
447 2062 598 2126 versiculi
622 2069 703 2141 sunt,
728 2058 946 2126 Callimacbeo
970 2063 1119 2143 exemplo
1142 2061 1276 2143 (dequo
1293 2062 1399 2126 statim

170 2155 307 2222 locuturi
329 2165 449 2237 sumus)
465 2163 660 2244 praedicati;
684 2163 759 2226 item
777 2163 944 2244 produ-ctio
960 2164 992 2225 in
1012 2153 1148 2246 Ἄρητος
1172 2160 1400 2227 Callimachea.

170 2255 338 2343 δαήμονος
366 2263 463 2345 igitur
491 2264 644 2330 aliorsum
674 2266 842 2347 spectabit.
891 2262 977 2341 onio
1008 2263 1131 2328 multa?
1174 2267 1400 2329 Astronomum

170 2359 320 2442 designat
348 2366 510 2432 Leonidas
532 2368 665 2431 Aratum
693 2359 790 2432 ‘caeli
817 2356 968 2449 peritum'
1000 2387 1064 2431 non
1091 2367 1185 2431 aliter
1215 2373 1311 2448 atque
1334 2365 1401 2430 Me·
1482 2389 1485 2396 ·

168 2463 279 2544 leager
299 2459 408 2531 ‘Anah
431 2458 509 2531 Pal?
535 2467 581 2532 IV
604 2471 690 2531 atu
722 2460 853 2549 ἄστρων
876 2464 965 2546 ἰ’δρίν
988 2460 1127 2549 Ἄρατον
1157 2473 1270 2549 postea
1299 2467 1400 2532 nomi·

168 2565 267 2628 navit.
314 2569 360 2634 uf.
384 2590 415 2652 p.
432 2572 504 2633 230.

254 2774 401 2855 Denique
417 2774 650 2840 Callimachum
666 2773 883 2857 producimus.
919 2773 1020 2837 Instat
1043 2774 1127 2835 enim
1151 2771 1344 2835 nobilissimi
1366 2772 1400 2836 in

168 2875 303 2939 Aratum
326 2876 567 2959 epigrammatis
590 2876 765 2959 explicatio
788 2873 829 2937 ab
853 2874 949 2937 errati
972 2892 1059 2937 noxa
1081 2872 1277 2937 vindicandi.
1316 2874 1399 2939 Ecce

170 2977 402 3042 versiculorum
425 2977 564 3044 Achillis
587 2977 700 3043 codice
725 2976 879 3040 Vaticano
904 2974 1082 3038 oblatorum
1107 2975 1211 3040 exitus
1234 2995 1265 3056 p.
1283 2980 1323 3038 54
1336 2975 1399 3040 W.:

168 3082 300 3159 χαίρετε
315 3077 436 3143 λεπταί
451 3076 565 3164 ῥήσιες
576 3071 716 3160 Άρήτοο
734 3074 890 3157 σύγγονος
908 3066 1101 3160 ἀγρυπνίης.
1132 3076 1194 3141 Ubi
1206 3074 1398 3152 «σύντονος»

170 3179 385 3262 Anthologiae
407 3182 489 3245 liber
512 3181 688 3246 Palatinus.
734 3177 927 3261 «σύγγονοι»
950 3177 1187 3261 simplicissime
1217 3180 1249 3243 in
1272 3178 1399 3244 Achille

171 3281 350 3347 immutavit
370 3281 526 3363 Scaliger,
550 3282 608 3346 sed
632 3302 702 3347 oum
727 3282 866 3346 omnium
890 3279 1071 3345 criticorum
1093 3279 1249 3345 dissensu.
1290 3279 1399 3344 Ruhn-

170 3381 258 3447 kenii
280 3384 387 3466 potius
409 3382 587 3450 editoribus
610 3383 706 3448 etiam
730 3381 914 3447 novissimis
939 3381 1122 3445 coniectura
1143 3381 1265 3445 arrisit:
1295 3377 1398 3461 «σίμ-

170 3484 297 3563 βοίον».
336 3485 386 3550 De
402 3505 466 3567 qua
480 3486 666 3567 priusquam
683 3485 867 3565 disseratur,
886 3483 953 3546 iata
968 3481 1156 3546 traditarum
1172 3483 1399 3564 scripturarum

172 3597 202 3650 et
228 3587 362 3653 historia
388 3587 586 3653 recensenda
614 3594 695 3652 sunt.
741 3584 883 3667 Utraque
913 3586 999 3649 enim
1029 3584 1186 3666 scriptura
1215 3603 1257 3648 ex
1283 3585 1398 3650 altiore

171 3689 357 3771 antiquitate
372 3691 534 3772 repetitur.
569 3686 744 3761 «σύντονος
761 3682 945 3770 αγροντνίη»
965 3678 1100 3750 ‘intenta
1115 3677 1308 3751 lucubratio'
1328 3688 1398 3751 sive

258 3877 278 3938 ’γ
296 3875 408 3927 Etitulo
416 3872 540 3940 delphico
551 3864 930 3937 ‹cauer‘belectus'2paon).
950 3869 1023 3934 Ergo
1033 3867 1207 3936 aliquomodo
1219 3871 1400 3925 AAMAIOY

172 3957 345 4026 depravatum
362 3973 421 4011 esse
439 3973 473 4010 ex
492 3958 752 4014 ΑΝΑΞΑΓΟΡΟΥ
772 3955 900 4008 iudicavit
919 3953 1094 4008 Susemihlins
1113 3953 1125 4005 1
1144 3971 1170 4021 p.
1185 3957 1241 4008 891.
1279 3955 1317 4006 At
1334 3953 1396 4019 quid

172 4042 203 4096 de
218 4058 301 4097 versu
319 4042 449 4096 Nloandri
474 4040 617 4111 «αἰτήσεις
640 4039 703 4111 virio
728 4036 939 4110 πολυμνήστοιο
964 4041 1115 4106 Δαμαίου»
1139 4038 1327 4101 statuendum,
1351 4039 1397 4106 qui

173 4131 287 4198 quinque
301 4128 416 4182 nominis
433 4127 537 4196 proprii
555 4126 675 4194 syllabas
689 4127 802 4193 respuit,
819 4126 847 4176 in
861 4125 1025 4178 scholiorum
1039 4125 1102 4178 Vita
1120 4127 1176 4192 p.3
1196 4123 1279 4176 Schn.
1298 4124 1331 4175 tr.
1349 4127 1396 4176 110

174 4231 198 4281 p.
212 4215 278 4268 131?
297 4213 447 4267 Breviatam
465 4212 580 4265 formam
600 4214 758 4268 ΑΝΑΞΟΥ
773 4226 822 4278 pro
837 4212 1017 4263 AAMAIOY
1031 4208 1207 4260 restituimus.
1240 4206 1281 4260 cf.
1295 4208 1396 4260 Alexos

173 4315 205 4352 ω
223 4299 399 4361 Alexandros,
418 4296 480 4350 alia.
