3174 5160
473 349 508 402 ll.
528 348 579 402 DE
597 349 712 403 ARATI
730 346 863 405 CODIGE
882 350 1126 406 HIPPARGHEO.
1207 308 1210 329 Ι
1372 352 1410 411 97

183 555 219 564 ·
244 520 477 600 περιτέλλεται
485 524 517 598 ³).
562 522 821 605 «περιτέλλεται»
850 544 921 590 oum
942 526 1055 591 redeat
1077 527 1110 590 in
1131 527 1370 611 recentioribus,
1393 550 1415 594 a

182 623 338 690 Marciani
353 631 443 690 textu
456 622 652 707 scholiisque
667 632 764 708 atque
779 627 863 692 adeo
879 627 920 692 ab
932 626 1120 711 Hipparcho
1143 627 1242 694 distat
1263 633 1411 713 «περιτέ-

178 747 309 804 μνεται»
326 724 561 807 exhibentibus,
578 727 663 808 quod
677 721 877 813 vertas‘pari
892 729 997 811 spatio
1014 729 1090 794 bina
1105 730 1199 812 signa
1211 731 1271 796 sibi
1284 734 1410 798 illarum

180 847 235 893 sex
256 829 397 911 partium
420 846 632 911 unaquaeque
648 822 872 912 circumcidit‘,
894 830 929 895 id
953 837 1000 897 est
1022 831 1181 914 utrimque
1204 832 1335 901 desecat
1357 835 1410 914 (cl.

179 951 206 995 v.
230 928 296 1012 50).
350 927 512 1006 Quantum
540 931 712 1014 perspicua
742 931 802 998 hac
831 932 973 1016 imagine
1002 933 1124 998 recedit
1151 936 1412 1015 «περιτέλλεται»

176 1022 476 1099 ‘circumvolutat'?
499 1031 624 1116 Sidera,
641 1033 775 1100 Zodiaci
790 1035 975 1117 particulas,
992 1036 1194 1102 circumverti
1210 1045 1306 1120 poeta
1328 1039 1412 1105 dixit

179 1156 206 1199 v.
222 1138 342 1218 509sq.
365 1139 433 1210 (καί
461 1133 493 1198 oi
523 1139 600 1217 τρία
629 1135 689 1218 μὲν
712 1134 943 1219 περιτέλλεται
968 1130 1060 1220 ὑψοῦ
1082 1138 1148 1201 τῶν
1171 1129 1256 1201 ὀκτώ
1264 1189 1273 1218 ,
1303 1135 1346 1203 τὰ
1375 1138 1411 1204 δὲ

179 1240 277 1300 πέντε
298 1234 471 1321 κατώροχα
494 1235 702 1315 δινεύοντοιι).
740 1238 921 1305 Admodum
937 1259 1015 1304 vero
1037 1239 1232 1324 dubitamus,
1254 1243 1409 1308 meritone

180 1339 302 1406 dicatur
316 1341 404 1406 linea
426 1361 524 1407 curva
545 1341 664 1407 circulo
681 1341 811 1407 desecta
826 1341 934 1406 sidera
949 1342 1200 1408 circumversari.
1238 1342 1410 1427 Sequimur

180 1443 274 1524 igitur
298 1443 459 1526 duplicem
483 1442 663 1526 Hipparchi
686 1450 718 1508 et
740 1442 895 1508 Marciani
918 1445 1149 1510 auctoritatem.

262 1544 300 1609 V.
318 1548 380 1610 553
396 1546 536 1609 «κοίλοιο
549 1537 782 1609 -Ὠκεανοῑοο
795 1566 866 1610 cum
878 1545 1065 1630 Hipparcho
1077 1547 1258 1613 Marcianus
1272 1546 1407 1614 scholia·

180 1666 239 1728 que
268 1647 450 1729 Marciana,
480 1648 543 1713 nisi
572 1649 659 1730 qnod
687 1648 830 1714 secunda
857 1648 1012 1713 Marciani
1043 1669 1154 1716 manus
1184 1652 1410 1734 superscripsit

181 1750 367 1816 varietatem
384 1750 546 1816 lectionis:
561 1747 728 1837 γράφεται
743 1750 798 1814 καὶ
814 1762 976 1814 «κσινοῑο».
1010 1749 1120 1827 κοινός
1136 1750 1283 1820 Oceanus
1299 1755 1407 1820 vocari

178 1857 290 1934 potest,
308 1853 383 1933 quia
395 1853 480 1918 circa
496 1859 597 1918 totum
610 1859 714 1919 terrae
726 1853 835 1918 orbem
853 1851 980 1919 fluitans
993 1854 1140 1919 omnibus
1152 1860 1256 1920 terrae
1269 1856 1406 1939 regionif

179 1954 234 2019 bus
258 1953 436 2019 communis
465 1953 672 2037 credebatur,
702 1955 813 2030 κοῖλος
836 1961 899 2036 est,
930 1955 1090 2038 siquidem
1120 1955 1300 2021 occidentia
1323 1977 1406 2040 pone

179 2055 373 2122 horizontem
390 2057 471 2120 mari
487 2055 653 2122 delinitum
677 2057 786 2123 sidera
800 2062 984 2140 spectantur
1000 2057 1051 2134 (cf.
1069 2078 1099 2122 v.
1117 2062 1177 2122 407
1202 2053 1238 2122 τὸ
1257 2056 1293 2121 δὲ
1317 2061 1405 2135 (Ara)

178 2160 308 2223 δᾶσσσν
331 2148 390 2244 ὑφ’
410 2154 568 2242 ἑσπερίην
592 2155 657 2222 ἅλα
673 2169 780 2223 νεῑτοι
803 2165 835 2224 et
850 2158 975 2225 scholia
997 2159 1039 2224 ad
1056 2158 1086 2223 h.
1110 2160 1153 2236 l).
1192 2160 1406 2226 Praeferimus

178 2260 341 2325 «κοίλοιο».
620 2278 625 2282 ·

258 2364 384 2429 Ibidem
407 2361 553 2448 «δύηται»
569 2364 751 2429 indubitata
767 2364 906 2429 omnium
923 2365 1051 2429 testium
1066 2366 1224 2449 scriptura
1244 2374 1301 2432 est.
1337 2367 1404 2433 Nec

177 2468 234 2531 erit
257 2467 312 2548 qui
342 2467 579 2532 coniunctivum
610 2466 680 2531 sine
704 2457 744 2527 ἄν
774 2467 826 2530 vel
849 2469 902 2528 κέν
924 2466 966 2531 ad
996 2461 1097 2530 ὅσσον
1127 2466 1309 2550 adpositum
1332 2489 1404 2534 curn

177 2569 289 2636 Vossio
318 2567 483 2652 repudiet,
512 2566 609 2639 modo
638 2568 800 2650 poeticum
831 2567 892 2633 hac
920 2569 953 2633 in
981 2588 1016 2634 re
1044 2570 1200 2635 sermonis
1229 2590 1320 2636 usum
1351 2572 1404 2636 vel

175 2673 278 2754 potius
307 2671 495 2755 primarium
524 2669 626 2745 (velut
655 2665 780 2733 ἐσθλὸν
808 2671 863 2733 καὶ
892 2667 929 2734 τὸ
961 2673 1129 2748 τέτακται,
1160 2661 1233 2734 δι’
1268 2663 1404 2755 ἅγγελος

175 2771 295 2854 αἴσιμα
318 2770 399 2858 εἰδῇ,
422 2774 500 2849 alia)
523 2773 555 2837 in
579 2773 767 2838 memoriam
790 2791 986 2840 revocemus.

257 2876 295 2940 V.
313 2880 375 2939 554
401 2872 509 2959 «πάσῃ
540 2865 571 2937 δ)
599 2870 658 2937 ἐπὶ
686 2878 790 2938 νοκτί»
817 2868 888 2958 ‘per
917 2867 1056 2942 noctem'
1089 2876 1269 2960 Hipparchi
1300 2877 1404 2942 codex

177 2979 348 3044 Vaticanus
371 2999 442 3043 cum
463 2977 628 3042 Marciano
652 2983 684 3042 et
705 2977 842 3042 Gemino
865 2983 1048 3043 astronomo
1071 2999 1101 3061 p.
1119 2980 1158 3042 28
1182 2978 1304 3060 Petav,
1327 2974 1403 3042 «ἐνί»

174 3081 416 3146 Laurentianus.
454 3081 497 3144 At
519 3080 622 3145 noluit
643 3088 741 3163 poeta
762 3079 894 3163 aliquod
917 3080 1070 3163 temporis
1093 3081 1240 3146 nocturni
1263 3099 1403 3145 momen-

173 3190 237 3248 tum
260 3183 318 3249 sed
335 3184 518 3247 universam
538 3186 663 3247 noctem
683 3181 801 3248 dicere.
840 3183 924 3266 Ergo
940 3181 1143 3248 statuendum
1159 3187 1207 3246 est
1229 3181 1404 3263 agenuina

171 3284 338 3368 archetypi
370 3285 529 3368 scriptura
550 3283 756 3350 Laurentiani
785 3284 949 3349 librarium
978 3285 1070 3368 pravi
1093 3284 1185 3349 Arati
1208 3284 1403 3366 exemplaris

174 3389 268 3471 culpa
291 3387 458 3453 defecisse.
505 3385 588 3451 Illud
613 3386 698 3451 enim
730 3385 879 3451 addimus
902 3386 935 3450 in
959 3386 1187 3452 recentissimis
1210 3384 1402 3469 quibusdam

172 3495 287 3572 poetae
310 3489 474 3556 codicibus
497 3489 573 3553 ferri
596 3485 683 3553 «svb.

256 3593 293 3657 V.
309 3596 371 3656 555
394 3588 445 3666 «ἓξ
466 3587 533 3654 αἰεὶ
550 3587 685 3655 δύνουσι
702 3588 905 3666 teotradum
921 3587 1066 3655 κύκλοιο»
1082 3591 1288 3676 Hipparchus
1310 3591 1401 3657 addi-

171 3695 314 3760 centibus
337 3695 473 3760 Gemino
489 3715 519 3778 p.
537 3694 622 3757 28E
644 3693 770 3758 Petavii
789 3700 822 3759 et
836 3692 963 3759 Achille
979 3699 1086 3777 (supra
1108 3692 1191 3771 Vll).
1237 3690 1402 3768 δοιοδεκάς

171 3816 241 3863 esse
264 3796 349 3862 idem
378 3802 476 3879 atque
506 3792 795 3880 δωδεκατημόριον
824 3797 940 3880 probat
963 3816 1073 3862 versus
1097 3799 1168 3860 703.
1215 3797 1300 3880 Ergo
1323 3796 1401 3862 dicit

171 3901 297 3982 Aratus,
320 3900 431 3964 circuli
447 3898 639 3964 duodenarii
662 3918 720 3965 sex
736 3917 870 3983 semper
886 3898 1033 3964 occidere
1056 3919 1113 3982 per
1135 3904 1260 3964 noctem
1281 3904 1399 3982 partes.

256 4085 277 4148 ἰ
294 4083 463 4139 cleomedem
474 4098 553 4138 usum
567 4098 626 4138 esse
638 4073 1026 4148 Posidonii‘Meteorologicis'
1036 4082 1077 4134 rel
1088 4082 1116 4134 in
1129 4082 1272 4136 afferendis
1284 4080 1401 4136 testibus

170 4171 274 4240 egregie
297 4169 422 4239 exposuit
444 4168 567 4224 Blassius
592 4169 609 4222 l.
630 4185 653 4222 c.
672 4185 699 4237 p.
716 4171 754 4221 16.
790 4167 944 4221 Parisinum
969 4165 1117 4221 Cleomedis
1143 4167 1264 4221 codicem
1287 4183 1309 4221 s.
1327 4166 1401 4243 ,xln

173 4287 202 4294 -
221 4255 285 4310 XIV
303 4255 436 4311 oblivione
449 4257 577 4310 obrutum
590 4285 622 4293 -
635 4256 712 4308 caret
723 4254 794 4307 enim
805 4253 886 4307 titulo
900 4283 931 4290 —
944 4253 972 4305 in
990 4253 1058 4305 libro
1070 4253 1256 4322 manuscripto
1274 4268 1319 4307 no.
1333 4256 1400 4306 2403

168 4340 215 4393 fol.
230 4346 311 4394 1-15
330 4356 379 4395 nos
397 4339 606 4395 rediusenimus.
642 4338 734 4392 Habet
750 4334 913 4410 διιοδροέμοι
933 4349 993 4391 cum
1012 4336 1142 4393 Mediceo.

220 4426 327 4480 Philolog.
341 4427 540 4480 Untersnchungon
552 4426 605 4469 XII.
1231 4430 1245 4477 ’ρ’
