3174 5160
348 345 395 400 VI.
414 344 615 401 MEMORIAE
635 345 812 399 ARATEAE
831 346 879 399 ET
897 345 1118 402 HESIODEAE.
1288 349 1350 409 259

115 510 195 584 acl?
245 519 426 585 Praecessit
448 518 562 584 eadem
585 519 761 585 excusandi
783 519 920 584 formula
935 519 1107 602 adsumpta
1120 521 1238 586 Aratus
1253 523 1350 588 etiam
1443 573 1445 577 .

118 624 322 688 Amncomo
343 620 388 685 IV
411 640 441 685 v.
458 623 520 687 983
529 640 598 704 sqq.
644 619 711 686 Sub
733 620 839 686 insula
861 621 1013 705 Drepana

429 742 567 803 κεῖσθαι
590 737 757 822 δρέπανον
780 736 946 824 φάτις-
969 737 1064 802 ἵλατε
1085 740 1235 811 Μοῦσαι,

251 831 309 903 οὐκ
332 837 460 904 ἐθέλων
483 837 591 905 ἐνέπω
614 842 787 925 προτέρων
810 838 893 913 έπος
915 875 956 884 -
979 832 1007 923 pi
1030 832 1100 905 όπδ
1124 839 1253 923 πατρός

249 939 356 1026 μήδεα
379 942 516 1028 νηλειῶς
538 939 639 1021 έταμε
662 938 801 1024 Κρόνος.

118 1079 275 1162 Sequitur
297 1079 362 1143 alia
380 1079 490 1144 tabula
511 1079 566 1161 pio
588 1084 686 1160 poeta
708 1079 812 1160 magis
836 1077 943 1161 digna.
981 1079 1025 1142 At
1046 1080 1191 1152 invocari
1214 1082 1263 1147 fas
1282 1090 1350 1149 erat

119 1202 184 1248 non
208 1181 334 1261 Musas,
365 1180 422 1245 sed
446 1179 637 1258 Saturnum5
659 1182 779 1262 qnippe
802 1181 892 1245 cuius
914 1179 1019 1246 scelus
1042 1181 1161 1246 referre
1184 1191 1281 1263 poeta
1303 1185 1348 1250 in·

119 1285 261 1368 ciperet;
285 1282 430 1347 conferas
454 1281 510 1359 (IV
533 1281 787 1363 v.1381sq.)²¹):

251 1397 426 1463 Μουσάων
448 1396 506 1463 ὅδε
528 1401 654 1480 μῦθος·
669 1395 741 1482 ’ἐγώ
766 1392 797 1461 δ’
824 1394 994 1474 ὑπακουὸς
1016 1394 1118 1464 ἀείδω

250 1500 430 1585 Πιερίδων,
453 1502 508 1564 καὶ
531 1499 628 1584 τήνδε
651 1500 855 1583 πανατρεκὲς
878 1498 991 1563 έκλυον
1014 1494 1125 1587 ὀμφήν
1148 1496 1223 1567 κτλ.’
1285 1539 1288 1544 -

117 1640 209 1705 Βευε
239 1640 337 1722 igitur
359 1639 492 1721 Aratus,
521 1657 691 1720 perperam
715 1637 772 1702 illo
796 1637 926 1720 quidem
949 1638 1020 1703 loco
1041 1639 1241 1721 Apollonius.
1286 1643 1348 1707 Ac·

108 1743 226 1823 cedit,
257 1739 343 1822 quod
373 1740 474 1805 verba
495 1741 616 1803 Aratea
639 1738 722 1803 idem
748 1745 925 1821 aucupatus
948 1745 997 1804 est
1019 1739 1218 1822 Apollonius.
1264 1742 1348 1809 Hinc

117 1863 171 1910 res
194 1842 367 1926 patefacta.

204 1945 434 2010 Tnuocmuum
469 1942 610 2008 diximus
646 1940 742 2005 modo
771 1940 813 2003 ad
844 1941 977 2005 Aratum
1005 1945 1197 2024 respexisse.
1249 1946 1347 2012 Misso

115 2067 202 2113 nunc
226 2046 258 2111 in
282 2045 402 2110 Panem
427 2043 545 2128 hymno
566 2033 891 2108 ‘Phaenomenorum'
918 2062 947 2105 v.
966 2043 1026 2105 898
1036 2063 1105 2126 sqq.

230 2163 301 2226 ’καὶ
324 2163 378 2227 τοὶ
400 2161 461 2244 μὲν
482 2163 659 2226 καλέονται
675 2153 778 2239 ’Όνοα
802 2163 908 2245 μέσση
933 2159 969 2223 δέ
991 2184 1028 2224 τε
1052 2159 1178 2248 Φᾶτνή,

246 2255 268 2352 ἥ
288 2287 325 2328 τε
346 2266 403 2328 καὶ
427 2261 586 2351 ἐξαπίνης
610 2260 718 2346 πάντῃ
743 2257 829 2336 Διὸς
851 2254 1044 2337 εόδιόοντος

247 2358 350 2450 γίνετ’
379 2359 529 2452 ἄφαντος
551 2363 629 2451 ἄλη·
660 2366 714 2428 τοὶ
738 2355 769 2426 δ’
798 2355 1043 2448 ἀμφοτέρωθεν
1067 2362 1173 2440 ἰόντες

249 2460 385 2553 ἀστέρες
408 2459 558 2553 ἄλλήλων
583 2460 780 2544 αὐτοσχεδόν
803 2463 1025 2529 ἰνδάλλονται.

248 2561 305 2633 οὐκ
327 2561 430 2654 όλίγῳ
451 2570 589 2649 χειμῶνι
611 2565 688 2631 τότε
709 2564 881 2643 κλόζονται
905 2561 1045 2652 ἄρουραι

114 2707 370 2775 obversabantur
380 2704 554 2772 Theocrito
568 2706 795 2770 Dioscurorum
816 2689 947 2769 tutelam
964 2705 1155 2770 maritimam
1172 2708 1347 2774 celebranti

113 2808 214 2876 XXII
225 2829 256 2874 v.
271 2810 387 2890 19sqq.
422 2805 484 2884 Qui
497 2807 690 2887 simulatque
701 2806 806 2870 nantis
819 2815 1067 2887 comparuerunt
1079 2808 1345 2892 periclitantibus,

246 2920 336 3008 αἶψα
359 2917 390 2988 δ’
419 2915 621 3008 ἄπολήγοντ’
650 2916 777 3003 ἄνεμοι,
802 2920 929 3008 λιπαρὰ
954 2921 989 2985 δὲ
1010 2921 1139 3007 γαλᾶνα

246 3022 291 3109 ἄμ
315 3026 471 3110 πέλαγος,
494 3024 633 3111 νεφέλαι
657 3023 692 3087 δὲ
716 3022 896 3105 διέδραμον
919 3018 1054 3100 ἄλλυδις
1078 3019 1187 3109 ἄλλαι,

112 3267 198 3334 igitur
215 3264 243 3317 in
261 3263 353 3318 eadem
371 3261 479 3331 reperi
497 3260 611 3316 consilio
630 3261 726 3314 seriem
745 3259 923 3326 cogitatorum
937 3260 1116 3314 Callimachus
1135 3266 1216 3329 atque
1235 3263 1345 3316 Aratus.

113 3350 169 3406 Ssd
186 3365 222 3404 ne
237 3349 283 3403 hic
301 3347 409 3415 quidem
433 3345 543 3400 artificii
561 3350 671 3400 auctor:
697 3345 792 3413 Enrip.
807 3337 890 3399 ‘Hel'
910 3362 934 3399 v.
948 3349 996 3398 513
1016 3340 1106 3416 λόγος
1123 3342 1180 3415 γάρ
1197 3343 1275 3401 ἐστιν
1293 3340 1346 3402 οὐκ

112 3431 192 3505 ἐμός,
211 3435 312 3502 σοφῶν
330 3423 359 3486 δ’
377 3425 456 3496 ἔπος,
473 3435 564 3502 δεινῆς
582 3423 715 3500 Ἀνᾶγκης
734 3423 815 3486 οὐδὲν
834 3425 941 3500 ἰσχύειν
958 3429 1056 3485 πλέον.
1091 3424 1345 3500 Idem‘Melanipp.'

112 3521 146 3576 fr.
160 3523 212 3574 484
228 3511 301 3575 κοόκ
318 3511 390 3585 ἐμὸς
408 3511 425 3571 ό
443 3519 545 3584 μῦθος,
563 3508 627 3572 ἄλλ’
650 3512 719 3585 ἐμῆς
735 3510 845 3586 μητρὸς
867 3504 960 3586 πᾶρα,
978 3507 1018 3579 ὡς
1036 3507 1161 3584 οὐρανός
1179 3535 1210 3571 τε
1228 3511 1298 3585 γαῑᾶ
1316 3511 1344 3571 τ’

112 3595 148 3674 ήν
165 3596 264 3675 μορφή
282 3602 317 3670 μί
338 3641 344 3654 .
380 3600 522 3670 Philippus
541 3598 677 3670 Opuntius
692 3590 840 3666 ‘Epinom’
858 3603 911 3651 cl
930 3614 956 3667 p.
970 3600 1055 3652 9le
1077 3595 1150 3654 ἔστω
1170 3596 1201 3670 δή
1227 3604 1346 3672 πρῶτον

112 3683 200 3760 μὲνή
225 3689 275 3759 τῆς
300 3677 514 3758 ἄλληλοφαγίας
538 3689 597 3741 τῶν
620 3679 705 3757 ζῴων
726 3675 800 3752 ἡμᾶς
824 3685 882 3737 τῶν
905 3681 970 3749 μέν,
994 3677 1034 3747 ὡς
1058 3677 1074 3738 δ
1098 3680 1193 3751 μῦθός
1216 3682 1290 3750 ἐστι,
1309 3682 1343 3742 τὸ

113 3769 255 3846 παράπαν
265 3765 467 3842 ἀποστήσασα,
480 3773 539 3826 τῶν
551 3769 580 3826 δὲ
592 3769 632 3834 εἰς
644 3763 695 3838 τήν
708 3762 831 3834 νόμιμον
843 3762 949 3837 ἐδωδήν
959 3760 1165 3839 καταστήσασα
1177 3766 1344 3842 (ἐπιστήμη).

111 3854 179 3934 ἵλεῳ
197 3850 224 3913 δ’
242 3850 311 3928 ήμῖν
330 3855 359 3911 oi
376 3852 509 3929 πρόσθεν
527 3854 668 3919 thominesl
691 3847 790 3922 εἶ’ήσᾶν
808 3870 839 3906 τε
856 3853 907 3905 καί
925 3851 1008 3907 εἰσιν·
1028 3849 1131 3917 οἵτινες
1148 3852 1201 3920 μὲν
1217 3849 1274 3926 γὰρ
1293 3846 1345 3911 οὖν

112 3942 139 4012 (i
163 3935 214 4008 οὓς
236 3945 301 3994 add.
328 3941 554 4010 Winckelmann)
576 3937 714 4011 ἐλέγομεν
741 3940 852 4009 πρῶτοι
878 3937 1069 4009 χαιρέτωσαν.
1106 3937 1235 3992 Formula
1263 3940 1345 4007 igitur

114 4026 249 4081 solemnis.
264 4056 294 4064 -
313 4023 438 4078 (leternm
456 4024 494 4078 M.
508 4025 691 4079 Schneiderus
710 4024 791 4076 docta
808 4023 981 4077 adnotatione
999 4022 1015 4075 l.
1030 4038 1053 4077 c.
1069 4023 1182 4075 formam
1201 4019 1293 4095 ἱλήκοι
1311 4041 1344 4079 ex

115 4114 200 4166 Arato
217 4110 318 4165 hahere
336 4116 364 4164 et
380 4110 468 4179 ipsam
486 4115 565 4180 putat
583 4109 750 4177 Dionysium.

200 4213 233 4279 ²¹)
251 4211 330 4266 Prior
354 4213 480 4267 exstabat
503 4212 532 4265 in
557 4210 644 4264 Aetiis
669 4209 837 4264 Callimachi:
866 4209 1049 4263 Reitzenstein
1073 4204 1171 4262 ‘Index
1196 4210 1342 4266 lectionum

115 4293 251 4351 susach?
273 4299 379 4366 recolet
402 4314 428 4366 p.
445 4302 485 4351 13.
1172 4380 1187 4411 *

1135 4383 1164 4432 tr
