3174 5160
326 350 348 404 I.
367 349 418 403 DE
436 327 598 405 AcfflLLE
617 352 865 408 GRAMMATICO
884 353 999 408 ARATI
1016 355 1265 411 INTERPRETE.
1294 349 1300 362 ’
1370 357 1409 415 21

175 545 206 608 p.
225 529 286 589 471
301 515 331 588 ²?
372 524 468 590 Falso
492 523 574 590 haec
589 523 741 590 Rohdeus
763 533 961 593 commentus
977 535 1035 610 est,
1059 529 1145 612 quod
1167 531 1224 595 illa
1238 530 1410 595 Isidoriani

175 628 296 693 mentio
325 627 462 710 isagoga
487 620 542 691 ‘ex
572 627 646 692 aliis
674 623 819 693 scholiis'
846 637 878 694 et
907 649 971 696 non
1000 651 1041 696 ex
1064 630 1191 696 Achille
1221 632 1411 716 deprompta¹

176 730 366 794 continetur.

262 1037 348 1123 Num
372 1037 509 1121 Achillis
539 1036 692 1118 reliquias
722 1055 813 1100 suum
837 1037 870 1101 in
893 1057 985 1103 usum
1008 1039 1064 1102 alii
1087 1041 1317 1121 converterint,
1346 1041 1410 1123 pri·

175 1159 247 1205 mus
271 1146 304 1204 et
326 1140 413 1205 solus
436 1139 603 1221 inquisivit
617 1137 779 1203 Dialesius
794 1157 825 1220 p.
845 1142 893 1217 19,
917 1139 1028 1221 quide
1051 1141 1183 1206 scholiis
1205 1143 1238 1206 in
1253 1142 1410 1207 Basilium

175 1242 381 1307 Baroccianis
416 1259 579 1323 exponens
610 1231 762 1322 ‘integro'
794 1241 898 1323 inquit
924 1233 1064 1307 ‘Achilla
1098 1262 1189 1308 usum
1219 1262 1289 1309 esse
1318 1242 1409 1310 scho-

173 1345 304 1408 liastam
328 1344 361 1408 et
382 1342 512 1408 aliunde
526 1342 642 1406 diseas
666 1348 698 1407 et
719 1341 818 1421 illinc,
843 1342 928 1425 quod
952 1343 1098 1409 scholion
1121 1344 1182 1410 hoc
1198 1345 1249 1422 (cf.
1267 1344 1409 1411 Crameri

174 1446 298 1511 Anecd.
315 1444 418 1512 Oxou.
434 1444 582 1519 111413J:
599 1437 616 1507 ὁ
635 1442 670 1506 δὲ
687 1435 786 1518 αὐτὸς
802 1440 976 1528 ἑωσφόρος
990 1447 1047 1510 καὶ
1064 1444 1214 1531 ἕσπερος.
1247 1451 1359 1511 καίτοι
1373 1469 1410 1530 γε

174 1545 210 1612 τὸ
236 1544 385 1612 παλαιὸν
409 1540 509 1621 ἄλλος
533 1542 640 1610 ἐδόκει
663 1539 750 1609 εἶναι
773 1539 789 1610 ὁ
815 1543 990 1631 ἑωσφόρος
1011 1549 1066 1611 καὶ
1091 1541 1230 1624 dictord
1257 1546 1407 1634 ἕσπερος.

174 1652 308 1735 πρῶτος
337 1641 369 1713 d'
390 1642 518 1732 Ἴβυκος
547 1642 727 1732 ὃῬργῖνος
753 1648 801 1714 (fr.
824 1653 878 1724 42)
908 1646 1067 1737 συνήγαγε
1094 1648 1155 1727 τὰς
1183 1656 1410 1736 προσηγορίας

174 1774 216 1819 ex
239 1753 368 1819 Achille
391 1773 417 1816 c.
438 1756 474 1814 17
499 1758 685 1833 excerptum
709 1757 772 1831 est,
802 1752 887 1833 quod
916 1754 1093 1818 mutilatum
1122 1754 1239 1836 legitur
1260 1774 1291 1837 p.
1311 1754 1409 1821 1360

175 1858 331 1937 πέμπτος
364 1847 381 1918 ὃ
414 1855 474 1940 τῆς
503 1845 705 1938 Ἀφροδίτης
738 1848 831 1930 παρὰ
864 1851 925 1934 μὲν
945 1843 1102 1939 Ἕλλησιν
1135 1852 1308 1941 ἑωσφόρος
1335 1854 1409 1939 (καὶ

175 1954 317 2039 ἕσπερος
340 1957 442 2040 suppl.
460 1951 654 2037 Dielesius>·
682 1955 817 2036 πρῶτος
847 1952 883 2017 δὲ
905 1947 1034 2036 Ἴβυκος
1063 1954 1111 2033 εἰς
1134 1954 1191 2020 ἕνα
1221 1956 1409 2022 συνέστειλε

172 2056 235 2134 τὰς
250 2049 543 2142 πρυσηγορίαςῖθγ).
581 2057 699 2122 Adaoti
714 2056 898 2122 venerando
914 2058 983 2123 viro
1008 2059 1221 2141 obloquimur,
1244 2078 1305 2124 nec
1327 2057 1409 2125 haec

173 2182 233 2228 nec
256 2167 373 2244 cetera,
397 2161 437 2225 de
461 2160 584 2224 telluris
607 2159 832 2224 immobilitate
852 2166 883 2223 et
906 2159 946 2224 de
962 2162 1153 2224 astronomis
1175 2161 1208 2224 in
1224 2162 1408 2226 universum

174 2282 257 2347 quae
287 2269 361 2329 sunt
388 2261 475 2344 apud
505 2260 707 2342 Crumerum,
742 2260 919 2325 miserrime
951 2262 1009 2326 illa
1038 2262 1168 2344 quidem
1196 2269 1341 2327 truncata
1368 2282 1408 2327 ac

171 2365 341 2449 pere'xilia,
358 2365 404 2429 ita
415 2362 520 2428 videri
535 2368 729 2445 comparata,
746 2368 781 2427 ut
795 2364 989 2446 prompsisse
1006 2383 1047 2428 ex
1057 2363 1185 2429 Achille
1201 2363 1407 2429 scholiastam

172 2475 260 2535 certo
283 2465 466 2532 concludas.
512 2464 559 2530 Cf.
583 2471 679 2547 caput
700 2464 757 2529 IlI.

257 2571 330 2652 Ipse
353 2566 498 2633 Achilles
520 2567 635 2649 quibus
658 2566 799 2631 lontibus
822 2565 974 2649 hauserit,
997 2566 1083 2632 idem
1107 2567 1228 2650 primus
1251 2567 1406 2650 indagare

171 2673 309 2738 feliciter
332 2671 439 2753 coepit
459 2669 580 2735 ibidem
597 2668 768 2733 Dlelesius.
807 2667 929 2751 Coepta
950 2676 985 2733 ut
1007 2675 1074 2733 tuto
1094 2671 1140 2748 (ni
1163 2670 1316 2744 fallimur)
1332 2689 1405 2736 con·

171 2774 290 2839 tinuari
311 2773 436 2855 possint
454 2792 493 2837 ac
507 2771 691 2854 promoveri
707 2770 920 2852 aliquatenus,
944 2771 1098 2836 Vaticano
1122 2770 1235 2837 codice
1258 2769 1404 2836 eflicitur.

170 2876 285 2958 Itaque
314 2880 414 2940 totum
444 2875 524 2953 περὶ
548 2867 730 2956 ἐξηγήσεως
752 2879 849 2954 caput
870 2872 1053 2938 Achilleum
1083 2879 1211 2938 servato
1241 2872 1405 2955 scriptoris

172 2978 286 3043 ordine
309 2997 379 3043 cum
403 2976 534 3042 scholiis
560 2977 592 3039 in
615 2975 748 3039 Aratum
772 2973 942 3039 Marcianis
965 2980 997 3038 et
1019 2975 1248 3041 commentario
1272 2976 1304 3037 in
1327 2973 1404 3038 Ger-

171 3079 331 3144 manicum
347 3078 537 3159 Basileensi,
553 3097 573 3142 a
590 3096 654 3160 quo
670 3077 768 3141 ceteri
784 3076 974 3158 interpretes
989 3097 1010 3140 a
1024 3077 1194 3158 Breysigio
1210 3074 1405 3158 promulgati

171 3182 228 3245 vix
253 3179 305 3245 hic
326 3181 394 3245 illic
417 3178 578 3260 differunt,
602 3179 833 3262 componimus.

373 3383 558 3450 Acmncns.
1003 3381 1216 3448 Mnaomuus.

144 3555 150 3570 ¹
215 3485 250 3549 P.
267 3486 368 3550 atad
388 3485 511 3567 Petav,
527 3491 697 3569 postquam
714 3484 760 3549 di-

170 3606 282 3653 versas
305 3587 346 3651 de
360 3587 453 3652 Arati
474 3588 566 3652 initio
587 3588 762 3653 sententias

168 3689 352 3771 percensuit
375 3708 455 3772 quas
471 3708 568 3772 supra
586 3709 618 3772 p.
637 3694 674 3753 17
690 3709 761 3772 pro-

168 3790 345 3873 posuimus,
369 3790 531 3856 concludit
546 3791 578 3854 in
596 3790 679 3856 hunc
694 3811 759 3854 mo-

169 3891 262 3956 dum:

228 3984 365 4072 ἄμεινον
407 3975 464 4057 οὖν
510 3989 545 4059 τὸ
592 3991 649 4058 διὰ
694 3996 760 4058 των
856 3991 890 4057 ἐκ
911 3988 1009 4078 Διός]
1036 3990 1124 4057 πάνυ
1153 3985 1400 4074 πρεπόντωςὸ

167 4093 341 4158 πλείστων
393 4086 606 4181 ἀντιγράφων
657 4094 760 4181 φερό-
812 4088 953 4180 Ἄρατος
984 4091 1043 4180 τὴν
1071 4096 1137 4158 τῶν
1162 4087 1291 4178 ἄστρων
1315 4092 1402 4170 διεξ-

258 4313 291 4376 ²⁰l
310 4312 350 4366 cf.
368 4312 602 4375 Wilamouitaium
621 4314 712 4368 Herm.
725 4313 818 4367 XVIII
839 4317 902 4367 1883
922 4329 949 4381 p.
963 4317 1022 4365 417.
