3174 5160
532 336 579 390 IV.
598 336 649 389 DE
668 337 841 392 ORATETE
859 337 1045 393 MALLOTA.
1340 338 1400 396 195

171 532 241 586 σεις
264 505 315 585 εἰς
335 506 394 574 τὸν
411 501 584 575 Ὠκεανόν·
618 501 705 574 ὥστε
732 508 810 586 τοὺς
833 509 1079 595 πλησιάζοντας
1105 514 1145 597 τῇ
1170 511 1315 597 ανατολῇ
1342 515 1396 577 καί

172 615 211 698 τῇ
243 604 338 677 δύσει
366 608 553 687 Αἰθίοπας
581 606 818 694 ὑπελάμβανον
846 616 1004 696 γίνεσθαι
1033 617 1299 696 καταιδομένους
1329 608 1398 679 ὑπὸ

170 715 228 778 τοῦ
243 708 353 798 ἡλίου.
392 703 472 800 αδτη
496 712 532 777 δὲ
547 707 567 800 ἡ
584 711 758 799 πρόληψις
779 716 819 800 τῇ
841 713 902 796 μὲν
924 719 1124 802 προκειμένῃ
1149 713 1298 792 διατάξει
1321 708 1399 781 άκό-

172 808 299 892 λουθάς
322 813 409 894 ἐστι,
437 816 496 900 τῆς
519 814 555 880 δὲ
577 813 661 880 κατὰ
683 814 787 899 φύσιν
810 823 1057 902 σφαιροποιίας
1080 810 1250 899 ἀλλοτρία.
1293 813 1398 905 ἡχάρ

170 919 208 1002 χὴ
229 920 317 1004 μέση
339 929 446 982 κεῖται
473 920 532 982 τοῦ
555 916 750 1000 σύμπαντος
776 915 901 999 κόσμου
931 922 1070 1005 σημείου
1098 916 1194 995 τάξιν
1223 916 1398 1000 ἐπέχουσα,

172 1020 205 1086 αἱ
229 1019 267 1085 δὲ
289 1011 451 1085 άνατολαί
474 1021 534 1085 τοῦ
554 1014 650 1108 ἡλίου
672 1025 822 1104 γίνονται
849 1021 904 1084 καὶ
929 1020 964 1085 αἱ
987 1018 1098 1096 δύσεις
1121 1018 1155 1084 ἐκ
1177 1023 1237 1085 τοῦ
1260 1021 1399 1105 αἰθέρος

172 1124 224 1188 sal
255 1118 307 1197 εἷς
333 1119 392 1187 τὸν
415 1120 557 1209 αἰθέρα,
588 1119 644 1188 διά
668 1118 796 1198 παντὸς
825 1123 885 1187 τοῦ
906 1117 1003 1204 ἡλίου
1032 1121 1107 1186 ἰ’σον
1130 1115 1313 1203 ἀπέχοντος
1339 1127 1399 1209 τῆς

172 1226 237 1309 lde·
285 1214 370 1289 ὅθεν
392 1223 510 1306 οἱμὲν
533 1226 775 1309 προειρημέναι
797 1220 995 1288 Αἰθιοπίαι
1017 1217 1214 1311 άδιανόητοί
1236 1223 1338 1304 εἰσιν,
1363 1226 1398 1291 αλ

173 1325 206 1392 δὲ
220 1320 291 1392 ὑπὸ
314 1321 394 1401 τοὺς
408 1322 443 1390 ἒν
457 1327 506 1410 τῷ
527 1323 642 1410 κόσμῳ
663 1322 844 1410 τροπικοδς
865 1330 1029 1406 κείμεναι,
1053 1325 1178 1402 αἵτινες
1193 1321 1398 1413 ὑπάρχουσιν

173 1427 226 1494 ἐπὶ
250 1425 294 1493 τὰ
316 1430 449 1511 πέρατα
469 1429 536 1492 τῶν
555 1427 817 1508 διακεκαυμένον
841 1425 960 1508 ζωνῶν,
982 1425 1065 1492 κατά
1090 1426 1192 1511 φύσιν
1215 1427 1354 1509 ἐ’χουσιν.

254 1530 427 1596 carmus
456 1550 520 1596 non
549 1531 680 1614 globum
709 1529 972 1614 decempedalem
1004 1529 1061 1596 sed
1090 1530 1396 1615 sphaerograpbiam

172 1634 377 1699 Homericam
392 1632 504 1696 tabula
518 1651 704 1715 expressam
720 1631 839 1698 diserte
856 1632 1047 1699 Posidonius
1066 1634 1105 1708 (is
1120 1633 1204 1697 enim
1221 1636 1398 1702 communis

172 1736 294 1810 auctor)
317 1731 521 1816 significavit,
551 1739 585 1798 ut
606 1733 719 1798 nullus*
734 1732 926 1800 dubitationi
952 1737 1041 1801 locus
1063 1735 1268 1817 relinquatur.
1314 1735 1396 1800 Nam

172 1839 225 1903 ubi
244 1825 426 1918 ‘Magnum'
452 1832 574 1900 Oceani
590 1833 754 1901 Homerici
774 1829 889 1902 ‘mare'
915 1838 998 1902 inter
1021 1838 1157 1902 circulos
1179 1837 1319 1919 tropicos
1340 1856 1396 1918 po·

173 1942 246 2017 suit,
277 1936 399 2004 ibidem
423 1954 546 2001 errores
570 1935 675 2002 Ulixis
697 1935 861 2002 ordinavit
882 1940 1096 2022 aptissime³⁶t
1143 1939 1228 2021 Ergo
1251 1937 1397 2003 Homeri·

172 2063 240 2107 cam
262 2047 368 2106 terrae
390 2038 526 2104 formam
548 2039 610 2104 isto
632 2039 715 2104 libro
738 2040 914 2123 spectabat,
946 2061 1009 2123 quo
1033 2061 1137 2107 rerum
1162 2041 1286 2106 scilicet
1307 2047 1396 2104 natu·

172 2165 255 2216 ram,
285 2142 414 2225 qualem
436 2140 544 2206 animo
567 2141 629 2206 sibi
652 2141 721 2222 ipse
744 2139 957 2224 confinxerat,
988 2162 1188 2224 nequaquam
1213 2141 1397 2224 discrepare

172 2247 344 2311 evinceret.
380 2243 449 2308 Iam
471 2261 548 2307 vero
568 2235 727 2327 Ὁμηρικά
750 2263 821 2307 cum
844 2244 910 2308 alia
931 2249 998 2308 tum
1019 2242 1189 2308 Onnunms
1211 2242 1252 2308 de
1268 2241 1398 2308 Oceano

172 2347 363 2415 sententiam
392 2345 587 2427 argumentis
615 2345 728 2409 fultam
756 2346 951 2410 continuisse
980 2365 1077 2427 supra
1106 2365 1190 2410 novo
1219 2346 1397 2428 fragmento

172 2448 356 2515 (lenovensi
384 2447 553 2531 probatum
584 2456 641 2512 cst.
684 2440 842 2530 Ὁμηρικά
870 2447 969 2529 igitur
999 2445 1168 2512 Caluenus
1197 2455 1285 2529 sunt,
1314 2465 1398 2528 qnae

172 2550 364 2618 Posidonius
392 2569 434 2614 ex
462 2548 621 2614 Strabone
650 2556 682 2614 et
709 2548 846 2615 Gemino
881 2548 1114 2631 quadamtenus
1146 2549 1310 2614 restitutus
1340 2548 1396 2611 im·

172 2653 337 2737 pugnavit
374 2652 455 2717 Item
477 2651 595 2735 papyri
617 2651 725 2716 verbis
744 2644 804 2724 ‘dre
824 2647 866 2713 τὰ
890 2651 968 2730 περὶ
991 2651 1222 2734 σφαιροποΐας
1244 2643 1260 2713 ὁ
1283 2652 1398 2712 ΚΡΑ-

175 2759 268 2820 ΤΗΣ
274 2747 283 2771 ’
310 2775 381 2820 cum
397 2753 529 2819 Homeri
545 2753 699 2818 memoria
715 2754 847 2818 conexis
866 2746 1025 2837 Ὁμηρικά
1041 2753 1155 2818 eadem
1170 2747 1260 2835 tangi
1283 2759 1316 2817 et
1333 2773 1397 2817 nou

173 2859 259 2940 globi
293 2856 534 2939 decempedalis
567 2853 831 2936 descriptionem,
865 2860 900 2918 ut
929 2855 1188 2921 Wachsmutbins
1216 2855 1397 2935 arbitratur,

173 2960 247 3026 satis
270 2965 341 3024 tuto
364 2977 447 3024 nunc
469 2957 646 3023 statuimus.
670 2989 712 2998 -—

257 3178 380 3245 Oceani
408 3179 502 3243 situm
517 3178 573 3242 ab
597 3177 703 3242 Ulixis
732 3177 846 3242 itinere
869 3177 993 3261 diiungi
1022 3197 1085 3242 non
1106 3196 1203 3259 posse
1226 3177 1294 3240 iure
1317 3177 1396 3241 anti-

173 3281 241 3363 quis
264 3281 370 3345 visum
394 3286 452 3362 est,
475 3286 585 3362 utpote
609 3278 789 3344 Cimmeriis
805 3280 893 3344 Aeac
910 3280 1046 3343 Tartaro
1068 3279 1207 3360 denique
1230 3277 1396 3360 Aethiopi·

172 3383 229 3450 bus
250 3383 476 3466 propinquum.
515 3382 565 3445 Ab
590 3379 803 3463 Aethiopibus
824 3382 986 3463 profectus
1009 3380 1099 3446 Ulixi
1118 3379 1286 3464 Neptunus
1307 3380 1396 3445 navi·

172 3485 259 3565 genti
294 3485 445 3567 occurrit,
479 3485 554 3548 alia.
607 3481 690 3547 Hinc
723 3482 764 3546 de
796 3485 957 3548 nonnullis
991 3483 1088 3548 etiam
1121 3483 1195 3548 aliis
1229 3481 1397 3548 Onnunms

254 3701 288 3767 θ’)
304 3701 384 3769 Quod
392 3701 522 3756 Geminus
535 3719 586 3770 την
597 3692 747 3764 Ὀδυσσέως
759 3696 867 3770 πλάνην
879 3715 896 3752 a
907 3702 1038 3754 Onsusnn
1048 3702 1076 3755 in
1090 3701 1234 3767 sphaeram
1246 3698 1396 3751 traductam

172 3803 229 3843 edile
245 3787 324 3850 dixit,
342 3791 497 3856 suspectum
510 3785 627 3839 reddidit
638 3785 862 3839 Muellenhoffius
879 3802 906 3854 p.
922 3792 1004 3840 lew:
1021 3782 1192 3851 ‘Uebrigens
1209 3787 1328 3834 leuchtet
1345 3787 1396 3842 ein,

172 3877 234 3925 dass
251 3877 303 3923 der
322 3872 412 3922 Ocean
433 3873 565 3922 zwuclzen
590 3874 641 3921 den
661 3872 871 3921 Wendekreisen
894 3874 984 3932 nicht,
1009 3876 1059 3921 soie
1076 3872 1207 3920 Geminus
1219 3871 1325 3937 faseli,
1339 3870 1399 3935 scir

173 3962 214 4008 die
231 3961 318 4008 Irren
337 3960 385 4011 des
403 3956 540 4024 odysseus
557 3960 586 4005 in
601 3957 737 4005 Betraclzt
753 3958 857 4015 kommt,
876 3960 949 4005 wohl
965 3959 1032 4006 aber
1044 3958 1103 4024 jair
1121 3959 1165 4006 die
1183 3959 1230 4004 des
1248 3957 1397 4003 Menelaos.

171 4045 252 4093 Naclr
267 4043 367 4092 Strabo
380 4049 411 4106 p.
424 4043 457 4102 38
469 4043 506 4090 ist
517 4045 566 4090 mit
577 4043 666 4090 Recht
678 4058 729 4088 υοπ
742 4041 864 4089 Lribbert
873 4059 1080 4106 angenommm,
1094 4045 1159 4090 dass
1172 4041 1204 4088 K
1201 4041 1279 4088 RAT
1280 4039 1329 4088 ES
1338 4039 1396 4087 sich

173 4130 312 4178 Menelaos
334 4130 378 4176 als
396 4127 608 4191 Weltumsegler
631 4128 743 4185 ἀπαίτει,
768 4129 818 4173 der
842 4144 893 4175 von
911 4129 1022 4175 Iberien
1044 4129 1116 4175 nach
1137 4126 1244 4174 Westen
1261 4123 1400 4188 suboffend

171 4217 235 4265 iter
245 4215 350 4267 Indien
368 4214 428 4260 und
438 4213 528 4261 durch
547 4214 598 4260 das
615 4218 673 4260 rote
684 4212 764 4259 Meer
775 4203 961 4260 heimkelrrte.'
991 4210 1033 4262 Ol.
1050 4223 1121 4277 quae
1134 4225 1160 4276 p.
1175 4210 1286 4274 lbdflqq.
1304 4205 1396 4273 dispu-

170 4297 290 4351 avimus.

1191 4380 1242 4430 13*
