3174 5160
115 342 179 397 VII.
196 342 340 400 EUDOXI
358 342 474 397 CNIDII
491 342 726 399 FRAGMENTA
745 344 796 397 EX
814 343 1021 398 HIPPAROHO
1041 343 1244 400 conducunt.
1283 344 1343 403 291

203 636 219 699 Ι
240 655 272 719 p.
291 635 394 700 194ss
419 631 518 721 δῆλον
541 618 608 712 οὖν,
631 626 685 699 ὅτι
706 633 784 711 τοὺς
806 629 874 699 ὑπὸ
897 636 945 718 τη]
967 637 1106 720 Λαγωη]
1130 629 1273 722 ἀστέρας
1297 641 1348 707 δεῖ

116 740 257 801 κεῖσθαι
278 732 401 818 μεταξὺ
423 737 483 800 τοῦ
498 738 662 817 Ποταμαῦ
682 738 737 801 καὶ
754 738 811 800 τοῦ
827 735 1012 822 Πηδαλίου.
1050 739 1105 802 καὶ
1130 742 1348 811 ΕΥΔΟΞΟΣ

118 836 165 917 δέ,
189 831 236 912 ιῦς
256 831 353 924 ἡμεῖς
376 859 504 923 φαμεν,
535 834 622 902 οὕτω
653 837 738 921 λέγει
769 834 802 901 ἒν
831 836 890 918 μὲν
919 841 968 922 τηῖ
990 837 1038 903 ἑνὶ
1062 839 1267 924 συντάγματι
1288 841 1347 910 τὸν

116 936 246 1024 τρόπον
267 940 399 1004 τοῦτον·

73 1055 90 1104 5
243 1035 311 1104 ὑπὸ
342 1039 377 1104 δὲ
406 1040 444 1106 τὸ
470 1042 579 1126 lojano
607 1036 624 1105 ὃ
649 1038 810 1121 Ποταμὸς
834 1053 941 1106 κεῖται
972 1034 1158 1128 άρξάμενσς
1188 1039 1256 1112 άπὸ
1287 1052 1348 1114 τοῦ

247 1134 424 1225 ἀριστεροῦ
453 1139 560 1218 ποδὸς
587 1145 647 1207 τοῦ
672 1134 829 1226 Ὠρίωνος
853 1192 860 1206 .
883 1141 1007 1224 μεταξίΙ
1037 1143 1072 1208 δὲ
1101 1149 1160 1210 τοῦ
1183 1154 1346 1232 Ποταμοῦ

245 1245 300 1308 καί
334 1246 394 1308 τοῦ
424 1243 597 1331 Πηδαλίου
626 1246 685 1330 της
712 1236 849 1327 Ἀργοῦς
877 1239 944 1308 ὑπὸ
975 1243 1033 1311 τὸν
1061 1246 1211 1331 Λαγωὸν
1242 1250 1348 1328 τόπος

248 1341 339 1410 ἐστίν
361 1338 399 1411 σά
423 1342 530 1423 πολὺς
553 1338 722 1431 άμαυροίς
745 1338 887 1429 άστέρσς
910 1344 1001 1426 ἐ’χων.

116 1447 151 1513 ἐν
176 1446 212 1513 δὲ
234 1449 284 1532 τῷ
307 1444 409 1532 ἑτέρην
432 1446 638 1532 σνντάγματί
661 1470 763 1535 φησιν
787 1438 907 1524 οὕτως·

60 1565 90 1615 10
246 1546 369 1630 μεταξί1
400 1547 436 1613 δὲ
464 1547 541 1634 (τοῦ
564 1551 725 1631 Ποταμοῦ
748 1546 822 1633 καὶ)
849 1551 909 1613 τοῦ
932 1552 990 1634 τῆς
1011 1542 1148 1636 Ἀργοῦς
1171 1554 1347 1641 Πηὸαλίου

246 1646 313 1715 άπὸ
343 1648 402 1716 τὸν
424 1649 574 1736 Λαγωὸν
602 1643 772 1734 άμαυροὺς
802 1643 943 1734 ἀστέρας
976 1649 1058 1732 έχων
1088 1651 1178 1718 ἐστὶν
1208 1647 1348 1739 οὐρανὸς

247 1777 285 1818 oo
307 1756 418 1837 μέγας.
505 1758 509 1764 ’

116 1857 165 1924 of.
189 1878 220 1921 v.
238 1858 417 1922 367-370.
464 1855 614 1938 Sequitur
638 1855 738 1919 Attali
761 1856 798 1919 fr.
819 1859 856 1919 17
879 1875 911 1938 p.
928 1856 1014 1921 XIV.

207 1994 219 2043 1
240 1992 319 2063 λαγῷ
336 1989 359 2042 L
377 1990 387 2056 li
406 1993 421 2042 3
440 1984 494 2044 τὸν
511 2002 554 2040 om
572 1988 596 2040 V
617 1988 627 2055 ΙΙ
653 1993 666 2039 i
687 1983 764 2058 λαγὼ
784 1989 808 2041 V
831 1988 840 2056 il
862 1983 963 2044 8ποί.ὺ
982 1990 1004 2042 L
1025 1992 1034 2056 ΙΙ
1060 1996 1089 2044 10
1104 1992 1238 2059 suppleui3
1257 1992 1347 2048 itidem

118 2075 182 2130 olim
201 2073 322 2142 Scaliger

204 2231 277 2297 Non
301 2236 421 2297 certum
446 2236 509 2310 est,
540 2249 603 2312 quo
636 2228 747 2295 ordine
772 2229 851 2294 duas
876 2230 1003 2295 Eudoxi
1026 2232 1185 2298 editiones
1208 2233 1347 2316 Hippar-

120 2331 199 2399 chus
215 2334 367 2416 posuerit.
399 2331 464 2398 Sed
477 2331 627 2396 videntur
638 2333 777 2413 priorem
793 2339 901 2397 tenere
918 2333 1022 2397 locum
1036 2333 1290 2398 Pnnnuonnun:
1308 2337 1347 2400 cf.

121 2437 251 2518 eclogas
272 2436 304 2499 11
327 2434 375 2498 III
396 2434 439 2497 IV
455 2433 509 2497 Vl.
533 2470 574 2478 —
596 2434 713 2498 Aratus
734 2426 875 2499 ‘Fluvio'
902 2432 1029 2498 Eudoxi
1053 2435 1215 2500 substituit
1237 2435 1349 2502 Oetum

120 2559 149 2604 v.
167 2539 229 2604 368
251 2537 433 2619 refragante
456 2535 654 2618 Hipparcho.

206 2721 388 2789 Succedunt
410 2728 536 2788 ceterae
560 2724 692 2804 eelogae
716 2722 952 2805 Hipparcheac.

203 3013 219 3077 I
241 3030 272 3094 p.
292 3008 399 3073 1721)
422 3004 660 3090 ἐμπειρότερον
679 3008 714 3073 δὲ
731 3010 949 3079 ΕΥΔΟΞΟΣ
961 3009 1020 3097 τὴν
1037 3003 1138 3098 αὐτὴν
1153 3014 1201 3095 api
1218 3006 1347 3098 Άράτφ

119 3115 197 3197 περὶ
227 3113 295 3177 τῶν
314 3102 561 3192 (Φαινομένων)
589 3110 743 3187 σύνταξιν
774 3104 1009 3197 ἀναγέγραφεν.
1042 3106 1185 3197 εὐλόγως
1213 3100 1270 3178 οὖν
1292 3117 1347 3179 καὶ

119 3214 153 3282 ἐκ
183 3215 243 3301 τῆς
271 3213 337 3276 τῶν
364 3210 533 3277 τοσούτων
561 3214 616 3277 καὶ
646 3211 848 3300 τηλικούτων
876 3217 1123 3299 μαθηματικῶν
1151 3221 1348 3301 συμφωνίας

118 3310 319 3395 ἀξιόπιστος
334 3308 354 3402 ἡ
370 3319 508 3400 ποίησις
532 3306 633 3378 αὐτοῦ
649 3314 923 3397 διαλαμβάνεται.
954 3319 1064 3379 καίτοι
1079 3339 1115 3399 γε
1130 3320 1189 3380 τοῦ
1204 3310 1346 3401 Ἀράτου

78 3434 94 3481 u
116 3418 177 3502 μὲν
199 3417 284 3493 ’ίσως
307 3409 365 3481 οὐκ
388 3411 482 3493 άξιον
505 3413 725 3502 ἐφάπτεσθαι
747 3417 800 3480 καὶ
826 3414 883 3481 driu
907 3415 940 3480 έν
963 3439 1033 3482 τισι
1057 3416 1251 3483 διαπίπτων
1273 3443 1348 3503 τυγ-

113 3519 214 3606 χάνῃ·
231 3520 272 3605 σφ’
286 3516 348 3602 γὰρ
362 3523 390 3582 Ε
395 3524 453 3583 YA
459 3520 519 3589 ΟΞ
523 3522 584 3585 OY
594 3517 747 3595 συντάξει
758 3516 1055 3602 κατακολουθήσας
1070 3517 1112 3583 τὰ
1122 3514 1344 3603 (Φαινόμενά

116 3626 290 3709 γέγραφεν,
314 3614 391 3684 άλλ>
418 3614 455 3686 αὖ
477 3614 551 3686 κατ’
579 3619 667 3686 ἰδίαν
688 3620 928 3708 παρατηρήσας
944 3609 963 3706 ἢ
979 3620 1217 3711 μαθηματικὴν
1237 3630 1347 3709 κρίσιν

118 3721 402 3811 ἐπαγγελλόμενος
426 3720 459 3788 ἐν
480 3734 552 3800 τοῖς
574 3717 744 3807 οὐρανίοις
765 3725 1003 3808 προφέρεσθαι
1028 3725 1082 3788 καὶ
1114 3723 1347 3809 διαμαρτάνων

119 3824 153 3893 έν
170 3819 294 3902 αὐτοῖς.
328 3827 432 3910 χωρὶς
449 3825 485 3890 δὲ
507 3829 573 3890 τῶν
595 3819 806 3911 ἠγνοημένων
822 3823 855 3890 έν
873 3838 944 3901 τοῖς
957 3819 1207 3909 (Φαινομέναις
1227 3822 1294 3891 ὑπό
1311 3851 1347 3892 τε

205 3954 290 4016 δέὰν
308 3975 350 4013 om
369 3959 423 4028 ΙιἸΙ
446 3964 461 4014 8
479 3958 734 4031 ἐπαγγελλομένων
752 3959 774 4011 L
796 3962 804 4024 ΙΙ
827 3959 1027 4031 προφέρεσθαι
1051 3960 1148 4027 scripsi
1171 3975 1204 4013 ex
1227 3961 1274 4014 ecl.
1294 3961 1345 4014 vl:

119 4044 337 4118 προσφέρεσθαι
356 4045 405 4100 Lv
425 4046 435 4112 ΙΙ
458 4049 507 4111 8,9
530 4040 731 4116 διαμαρτάνων
754 4048 814 4100 ταῖν
830 4041 862 4099 έν
873 4045 907 4110 V,
929 4041 1182 4115 διαμαρτανόντων
1199 4043 1231 4101 έν
1244 4047 1280 4113 L3
1299 4049 1347 4101 καί

120 4125 375 4200 διαμαρτανόντων
392 4134 452 4186 τῶν
469 4128 500 4186 ἐν
513 4125 611 4195 αὐτοῖς
629 4131 689 4183 coni
702 4130 838 4183 Victorius
857 4135 884 4183 et
902 4129 1035 4195 Petavius‚
1053 4129 1146 4201 κρίσιν
1159 4135 1247 4187 ταῖνδε
1260 4129 1347 4203 ἐπαγ·

119 4211 299 4287 γελλομένων
315 4214 369 4283 μὲν
386 4212 418 4271 ἐν
436 4224 497 4280 τοῖς
515 4208 660 4286 οὐρανίοις
672 4214 881 4286 προφέρεσθαι,
893 4211 1148 4283 διαμαρτανόντων
1160 4216 1189 4272 δὲ
1207 4214 1238 4272 έν
1251 4211 1348 4283 αὐτοῖς

120 4300 249 4370 Scaliger.

1042 4465 1049 4481 ⁹
1142 4389 1194 4438 19*
