3174 5160
271 371 295 424 Ι.
314 370 365 424 DE
384 371 545 425 ACHILLE
564 371 811 427 GRAMMATICO
831 371 945 426 ARATI
963 373 1211 428 INTERPRETE.
1317 373 1357 433 43

208 547 237 609 3.
260 543 352 608 Idem
374 564 406 627 p.
425 545 525 609 123A
554 537 571 606 ὁ
597 541 632 606 δὲ
654 537 794 628 Ἀρατος
820 541 880 631 τὴν
905 543 966 626 μὲν
987 548 1087 610 θέσιν
1109 547 1175 608 τῶν
1198 545 1357 624 ὅλωνείς

114 649 190 709 Δία
214 642 320 708 ἔοικεν
343 637 532 730 ἄναφέρειν,
555 643 614 729 τὴν
638 645 673 709 δὲ
695 650 845 732 γέννησιν
867 649 921 711 καὶ
947 644 1077 711 ἐ’ννοιαν
1100 645 1149 723 εἰς
1164 641 1353 729 Ἀστραῖον.

114 748 201 828 περὶ
222 745 284 828 μὲν
305 744 369 831 γὰρ
390 749 450 812 τοῦ
471 743 557 823 Διὸς
580 747 682 831 λέγων
705 745 862 834 ἐπιφέρει
883 752 926 824 (v.
945 751 1095 826 10-12)·

58 863 88 912 15
276 842 375 924 αὐτὸς
396 845 459 932 γὰρ
482 846 563 912 τάδε
586 842 709 934 σήματ)
736 847 769 913 ἑν
793 843 924 934 οὐρανῷ
947 847 1115 936 ἐστήριξεν

276 945 384 1033 ἄστρα
408 949 597 1034 διακρίνας·
621 948 788 1034 ἐσκέψατο
812 947 845 1014 ‹l'
871 949 919 1027 εἷς
942 948 1093 1016 ἐνιαυτόν

276 1044 428 1137 ἄστε’ρας,
453 1051 489 1117 οἵ
507 1075 543 1116 κε
565 1050 714 1134 μάλιστα
736 1055 916 1136 τετυγμένα
940 1058 1134 1137 σημαίνοιεν
1161 1089 1203 1099 -

114 1155 201 1238 περὶ
224 1152 261 1218 δὲ
282 1156 341 1218 τοῦ
361 1149 540 1240 Ἀστραίου
564 1159 667 1239 φησίν
689 1156 732 1232 (v.
749 1157 904 1229 98-99l·

275 1250 336 1320 εἴτ’
362 1240 420 1320 οὖν
440 1249 620 1336 Ἀστραίου
642 1252 786 1339 <κείνου>
807 1258 910 1339 γένος,
934 1247 972 1320 ὅν
995 1253 1037 1338 ῥά
1059 1258 1096 1318 τέ
1118 1277 1224 1341 φασιν

56 1374 86 1424 m
272 1352 404 1443 ἄστρων
427 1350 564 1442 ἄρχαῑον
586 1349 707 1443 πατέρ’
733 1354 882 1438 ἐ’μμεναι.

114 1458 147 1524 εἰ
176 1457 224 1544 μη“
253 1453 319 1543 ἄρα
346 1457 405 1524 τὸν
432 1459 493 1541 μὲν
514 1453 692 1543 Ἀστραῑον
720 1454 864 1545 ποιητὴν
886 1460 953 1522 ταῖν
982 1451 1131 1542 ἀστέρων
1159 1455 1355 1542 ὑποβάλλει,

112 1558 176 1626 τὸν
201 1560 237 1626 δὲ
259 1566 328 1626 Δία
351 1558 518 1647 κοσμητὴν
539 1563 740 1646 γεγενῆσθαι
764 1561 900 1641 ἱστορεῖ.

205 1670 236 1729 4.
258 1665 350 1730 Idem
378 1665 458 1749 περὶ
488 1661 672 1750 ἐξηγήσεως
693 1684 725 1747 p.
749 1668 811 1728 276
834 1668 864 1727 B
887 1658 1005 1748 ἐπειδὴ
1036 1664 1091 1726 καὶ
1122 1660 1156 1725 έν
1185 1675 1256 1738 τοῖς
1280 1661 1356 1752 ἑξῆς

112 1758 299 1848 Ἀστραῖον
323 1763 380 1830 ἕνα
403 1768 469 1830 τῶν
495 1763 647 1830 Τιτάνων
670 1759 751 1829 ἄντα
773 1760 871 1847 ὑμνεῖ
893 1765 995 1849 λέγων
1020 1770 1062 1845 (v.
1079 1767 1233 1843 98-9el·

58 1891 89 1940 ας
274 1860 336 1930 εἴτ’
363 1851 420 1931 oliv
439 1861 625 1951 Ἀστραίου
647 1871 756 1933 κείνου
778 1871 880 1951 γένος,
905 1858 942 1930 ἄν
966 1859 1009 1951 ῥοί
1030 1869 1068 1929 τέ
1090 1886 1195 1952 φασιν

276 1962 407 2052 ἄστρων
430 1961 567 2050 ἀρχαῖον
590 1961 711 2051 πατέρ)
739 1966 887 2050 ἔμμεναι.

207 2107 218 2154 1
242 2095 258 2157 ὃ
281 2117 324 2157 om
342 2103 371 2155 M
393 2105 403 2170 ll
425 2106 441 2155 6
460 2096 499 2168 είς
522 2100 554 2158 ἐν
572 2102 597 2155 V
615 2106 624 2167 ll
645 2107 675 2155 15
693 2097 728 2158 τοί
752 2121 786 2173 γε
803 2101 960 2155 Marcianus
987 2117 1047 2154 cnm
1071 2101 1196 2156 lemmate
1220 2101 1355 2156 Stobaeus

113 2186 213 2255 Eclog.
238 2203 266 2255 p.
286 2190 344 2251 206,
359 2192 390 2240 15
413 2187 550 2240 Wachsm.
574 2189 583 2254 ΙΙ
606 2192 635 2240 17
655 2207 688 2242 κε
709 2183 832 2256 μάλιστα
852 2185 1022 2239 Marcianus:
1045 2189 1094 2240 καί
1118 2182 1194 2255 μάλα
1214 2186 1287 2253 VM:
1308 2191 1356 2242 καί

113 2267 244 2339 μάλιστα
263 2270 373 2325 Stohaei
391 2271 478 2325 codex
496 2270 654 2340 Ρμιίλιστα
673 2271 695 2323 F
713 2288 741 2340 p.
756 2274 813 2335 206,
829 2275 868 2335 17,
885 2290 919 2325 κε
936 2265 1014 2337 μάλα
1030 2269 1170 2326 Plutarchi
1189 2271 1262 2325 Plac.
1282 2271 1355 2325 1119

115 2356 205 2410 codex
220 2357 244 2409 B
262 2356 383 2421 (Dielesii
400 2356 521 2424 Doxogr.
541 2373 568 2424 p.
583 2361 631 2410 341
639 2363 664 2421 al
677 2361 685 2421 ll
701 2358 886 2426 σημαίνουσιν
903 2355 1013 2408 Stohaei
1032 2356 1139 2409 codices
1157 2355 1203 2408 FP
1216 2358 1225 2424 ΙΙ
1241 2361 1272 2410 19
1291 2372 1355 2424 sup·

116 2442 192 2509 plevi
208 2457 243 2496 ex
259 2442 344 2496 altero
362 2443 422 2496 loco
442 2443 451 2508 u
469 2445 501 2494 20
520 2434 650 2512 ἀρχαίων
667 2441 700 2505 V,
719 2442 754 2494 cf.
772 2441 862 2494 locum
880 2440 994 2493 alterum
1012 2441 1021 2506 ΙΙ
1040 2444 1141 2493 23-26
1159 2447 1246 2494 totum
1264 2441 1354 2495 locum

117 2544 146 2595 p.
160 2530 194 2579 32
213 2527 354 2594 exscripsi.

206 2680 362 2750 Omnibus
390 2682 572 2748 nominibus
600 2682 774 2748 absurdum
799 2688 847 2746 est
876 2680 962 2762 quod
993 2681 1025 2743 in
1054 2678 1186 2747 scholiis
1215 2684 1357 2748 fertura

119 2784 314 2868 quibusdam
329 2791 494 2866 receptum
508 2784 607 2849 luisse
623 2775 739 2858 «αὐτὸς
760 2779 823 2866 γὰρ
846 2774 925 2863 τάγε
942 2778 1098 2865 σηματά»,
1121 2783 1207 2848 unde
1223 2783 1356 2853 Vossius

118 2887 206 2951 male
221 2885 352 2951 sedulus
368 2878 484 2960 «αὐτὸς
498 2881 561 2971 γὰρ
577 2882 728 2971 σημαντά
748 2877 799 2968 γ’»
821 2885 939 2950 elicere
954 2883 1066 2948 voluit.
1083 2919 1122 2928 —
1139 2882 1246 2948 «τάδε»
1268 2886 1356 2969 apud

119 2986 283 3053 Achillem
306 2988 356 3054 bis
379 2994 548 3053 exaratum
562 2989 697 3053 recurrit
719 2989 752 3054 in
768 2985 931 3051 Plutarchi
948 2985 1080 3050 Placitls
1095 2985 1127 3049 ΙΙ
1146 2990 1183 3050 19
1207 2994 1356 3069 essetque

120 3090 260 3171 positum
286 3087 466 3163 δεικτικοῖς.
504 3088 599 3167 Quod
614 3090 763 3172 quamvis
786 3092 819 3154 in
840 3087 1006 3171 prooemio
1028 3087 1071 3152 ad
1086 3087 1197 3152 Iovem
1220 3089 1355 3155 fortasse

119 3191 295 3273 displicere
316 3192 427 3273 possit,
450 3191 598 3257 nolumus
620 3190 827 3256 nihilominus
843 3190 884 3254 de
908 3189 1067 3254 sentiendi
1090 3190 1277 3256 ratiunculis
1300 3191 1354 3256 de·

119 3301 253 3358 certare.

207 3394 244 3458 V.
264 3397 302 3457 12
324 3395 485 3477 proiectus
514 3392 689 3459 aStobaei
718 3395 809 3458 varia
837 3394 973 3458 lectione
1003 3396 1249 3478 «σημαίνουσιν»
1278 3393 1355 3458 Mel·

119 3497 238 3563 nekius
266 3493 317 3559 «οἵ
346 3518 383 3558 τε
411 3492 556 3576 μάλιστα
584 3497 763 3577 τετυγμένα
799 3499 1032 3578 σημαίνουσιν»
1061 3495 1122 3560 sibi
1151 3494 1356 3560 scribendum

118 3600 254 3681 putavit.
296 3599 448 3664 Attamen
472 3617 510 3663 eo
539 3598 648 3680 lapsus
672 3603 736 3678 est,
767 3596 853 3678 quod
883 3597 968 3661 male
997 3596 1194 3663 intellectum
1224 3598 1354 3679 linguae

118 3699 288 3765 artificium
309 3701 510 3783 depravavit.
555 3699 669 3781 Neque
699 3698 783 3763 enim
812 3717 854 3762 ex
877 3696 937 3762 hoc
960 3697 1105 3764 modeste
1129 3705 1161 3764 et
1185 3705 1277 3764 caute
1307 3698 1354 3762 di-

118 3802 213 3867 cendi
235 3821 351 3884 genere
381 3801 470 3866 vices
499 3808 677 3882 temporum
707 3798 888 3864 hominihus
914 3800 1029 3865 stellae
1053 3789 1238 3880 indicant,
1269 3790 1350 3883 ὄφρ’

120 3900 250 3983 ἔμπεδα
272 3900 385 3966 πάντα
408 3899 568 3988 φύωνται,
593 3901 651 3967 sed
671 3894 828 3966 ‘indicare
849 3891 999 3984 possint'.

206 4005 242 4070 V.
265 4008 305 4069 98
332 4005 450 4071 rectius
480 4007 597 4088 «κείνη»
626 4003 817 4068 Marcianus.
862 4007 999 4066 «κείνου»
1027 4009 1158 4086 propter
1186 4004 1355 4084 sequentia

120 4107 221 4172 verba
249 4103 316 4170 ε’ίτε
337 4129 392 4169 τευ
416 4099 517 4169 ἄλλον
547 4108 574 4172 si
597 4106 639 4170 ad
661 4097 840 4187 Ἀστραίου
874 4106 1055 4189 redegeris,
1088 4125 1127 4170 ea
1156 4105 1213 4169 vix
1243 4105 1354 4188 defugi

119 4209 238 4292 poterit
259 4210 384 4292 opinio,
411 4209 504 4292 quasi
525 4210 644 4273 Aratus
666 4208 707 4273 de
731 4207 947 4289 compluribus
968 4208 1113 4273 Astraeis
1137 4209 1244 4289 inepte
1267 4209 1354 4289 cogi-

118 4317 227 4377 tasset.
