3174 5160
131 362 194 417 VII.
213 361 354 417 EUDOXI
373 362 488 417 cNIDn
507 363 737 418 FRAGMENTA
757 363 808 417 EX
827 363 1035 419 HIPPARCHO
1055 365 1256 421 CONLECTA.
1299 367 1358 426 297

133 560 189 601 τοι
217 537 276 620 τῆς
304 541 438 621 καμπῆς
466 529 673 620 τοῦὈιμεως
701 536 755 599 καὶ
786 537 845 619 της
874 527 974 618 σύρας
1004 538 1062 622 της
1083 540 1204 621 μικρᾶς
1225 531 1362 619 Ἄρκτου

133 631 250 721 ὀρθῶς
281 630 479 723 ἀπεφήνατο
511 638 710 715 (EUDOXUS).
763 636 798 700 ἰν
830 636 865 700 δὲ
892 639 941 721 τῶ
971 635 1072 722 ἑτέρην
1101 637 1248 723 κολσύριμ
1278 643 1362 725 φησὶ

133 744 271 805 κεῖσθαι
294 741 429 821 πρῶτον
451 739 512 820 μὲν
534 734 594 822 τὴν
618 730 796 822 ἀριστερὰν
816 750 911 821 χεῖρα
933 741 993 803 τοῦ
1023 732 1281 826 Ἀρκτυφύλακος
1307 744 1362 808 καὶ

80 852 108 901 15
130 837 209 924 <τὰ>
230 845 317 922 μέσα
346 834 445 905 αὐτοῦ
473 837 556 904 κατὰ
587 841 704 923 μηκας,
741 835 813 904 εἶτα
843 837 885 902 τὰ
913 846 1000 923 μέσα
1034 844 1102 905 τῶν
1124 842 1246 927 Χηλῶν
1275 841 1359 907 κατοί

132 940 262 1018 πλάτος
290 944 345 1007 καί
374 945 434 1007 τοῦ
455 939 646 1023 Κενταύρου
674 938 734 1027 τὴν
764 939 875 1018 δεξιὰν
902 956 996 1028 χεῑρα
1021 947 1074 1008 καί
1099 941 1140 1008 τὰ
1165 941 1363 1028 έμττρύσθια

131 1042 272 1128 χόνατα,
303 1041 387 1127 μετὰ
415 1042 451 1108 δὲ
473 1040 532 1108 τὸν
556 1036 669 1129 ῦιμανη
692 1042 799 1109 στύλον
822 1043 957 1131 καμπήν
980 1069 1016 1110 τε
1039 1048 1099 1109 τοῦ
1122 1049 1286 1128 Ποταμσῦ
1307 1047 1362 1111 καὶ

132 1144 262 1232 Κήτους
291 1144 350 1234 τὴν
379 1143 526 1231 κεφαλὴν
554 1147 610 1209 καὶ
639 1146 698 1208 τοῦ
721 1148 825 1228 Κριοῦ
855 1143 896 1209 τὰ
926 1149 1014 1211 νῶτα
1043 1143 1126 1210 κατὰ
1156 1146 1284 1223 ιτλάτσς
1307 1148 1361 1212 καὶ

131 1248 192 1311 τοῦ
220 1251 386 1329 Περσέως,
411 1244 471 1333 την
503 1243 651 1333 κεφαλὴν
683 1247 739 1310 καὶ
768 1244 827 1331 τὴν
859 1244 970 1323 δεξιὰν
999 1260 1102 1331 χεῖρα.
1158 1243 1177 1333 ἡ
1212 1250 1272 1329 μὲν
1307 1234 1364 1313 οῦν

78 1361 107 1411 20
132 1341 293 1432 ύριστερὰ
314 1350 385 1432 χεὶρ
407 1350 467 1412 τοῦ
489 1340 756 1435 Άρκτοφύλακος
777 1343 1002 1413 ὑπολείπεται
1031 1352 1088 1412 τοῦ
1112 1347 1284 1435 εἰρημένου
1307 1349 1363 1414 κύ-

103 1504 108 1513 .
132 1451 222 1528 κλσυ,
246 1445 291 1526 ῶς
313 1442 415 1534 Ι(η’μισυ
438 1453 538 1534 μέρος
562 1449 691 1534 ζῳδίου,
715 1452 769 1514 καί
794 1443 851 1515 σῦκ
875 1445 931 1514 ἐντ’
960 1444 1059 1514 αύτσῦ
1076 1455 1214 1536 φέρεται
1230 1455 1289 1515 τοῦ
1306 1450 1363 1517 διὰ

132 1555 199 1616 τῶν
231 1551 429 1638 ἰσημερινῶν
459 1557 605 1636 σημείων
634 1551 765 1630 κύκλου,
798 1546 843 1627 ῶς
867 1553 1085 1621 ΕΥΔΟΞΟΣ
1112 1559 1232 1640 φησίν·
1260 1550 1277 1618 ύ
1301 1554 1363 1638 χδρ

132 1648 316 1738 ἡγούμενος
337 1657 403 1720 τῶν
428 1651 461 1718 ἰν
485 1647 570 1740 αῦτη
593 1653 705 1735 έιτέχει
728 1654 851 1740 Χηλῶν
866 1654 984 1718 ιτλεῑον
1000 1643 1020 1738 ἢ
1034 1660 1154 1736 μοίρας
1172 1654 1223 1740 ιγ’.
1254 1650 1366 1740 ύχνοεῐ

135 1755 170 1820 δὲ
192 1759 248 1822 καὶ
270 1760 373 1838 μέσον
397 1748 498 1820 αύτοῦ
514 1754 551 1822 τὸ
570 1759 667 1837 σῶμα
681 1753 765 1819 κατὰ
782 1757 885 1840 μῆκος
900 1751 966 1820 ῦπδ
983 1758 1042 1819 τσῦ
1059 1754 1231 1842 εἰρημένου
1247 1757 1364 1823 κύκλου

81 1873 111 1921 25
133 1862 320 1940 τέμνεσθαι
342 1859 454 1943 λέγων.

220 1998 250 2045 15
269 1993 349 2061 suppl
367 1993 495 2046 Petavius
517 1994 526 2058 ΙΙ
547 1991 621 2058 μέσα
641 1991 715 2058 prius
735 1991 772 2044 V:
791 1965 885 2059 μέσως
903 1991 934 2045 L.

219 2165 353 2231 Coluros
383 2166 520 2231 circulos
552 2164 659 2229 omisit
681 2164 814 2227 Aratus:
844 2162 929 2244 quod
961 2164 1014 2245 qui
1045 2171 1185 2246 poterat,
1217 2166 1364 2231 simodo

133 2266 346 2334 transferendi
368 2267 498 2349 negotio
521 2264 737 2347 fungebatur?

688 2450 815 2515 XXXII

218 2573 248 2637 Π
271 2593 302 2656 p.
321 2573 425 2636 211ss
449 2567 711 2654 ιτρσδιειληφθω
736 2566 771 2632 δὲ
795 2571 940 2651 πρῶτον,
964 2561 1018 2634 ύτι
1039 2568 1099 2655 τὴν
1118 2570 1283 2655 διαίρεσιν
1306 2574 1366 2635 τσῦ

136 2673 297 2758 ζῳδιακοῦ
318 2671 436 2737 κύκλου
460 2667 477 2737 ῦ
502 2672 562 2753 μὲν
585 2664 725 2754 Ἄρατος
748 2678 935 2758 πεποίηται
959 2664 1027 2736 ἀπὸ
1051 2675 1118 2736 τῶν
1139 2675 1309 2754 τροπικῶν
1333 2698 1367 2738 τε

134 2779 189 2842 καὶ
212 2774 412 2862 ἰσημερινῶν
436 2779 581 2860 σημείων
602 2767 790 2854 ἀρχόμενος,
816 2764 902 2838 ῶστε
917 2777 1022 2837 ταῦτα
1039 2772 1081 2837 τὰ
1098 2787 1218 2861 σημεῖα
1242 2767 1366 2858 ἀρχὰς

136 2873 221 2942 εἶναι
244 2875 382 2962 ζῳδίων,
407 2870 423 2941 ὁ
445 2874 481 2939 δὲ
497 2874 716 2943 ΕΥΔΟΞΟΣ
737 2865 823 2937 ούτω
847 2874 1010 2960 διῄρηται,
1036 2867 1121 2939 ὥστε
1143 2873 1184 2939 τὰ
1209 2873 1367 2962 εἰρημένα

95 2997 111 3044 5
136 2993 256 3068 σημεῖα
277 2982 385 3061 μέσα
409 2973 514 3056 εἰναι,Ι
536 2973 577 3040 τδι
600 2976 661 3058 μέν
683 2977 743 3039 τσῦ
765 2982 943 3072 Καρκίνου,
954 2977 1008 3039 καὶ
1032 2979 1091 3040 τοῦ
1113 2975 1300 3060 Αἰχύκερω,
1324 2976 1365 3042 τὰ

136 3081 170 3148 δὲ
194 3084 255 3147 τοῦ
276 3082 384 3166 Κριοῦ
410 3081 466 3144 καὶ
495 3079 563 3142 τῶν
585 3078 719 3163 Χηλῶν.
766 3072 782 3142 ῦ
814 3077 874 3157 μέν
905 3073 962 3141 σύν
984 3071 1125 3160 Ἄρατος
1155 3075 1211 3141 διὰ
1240 3078 1366 3144 τούτων

134 3181 281 3265 μάλιστα
310 3179 456 3269 φανερὸς
483 3186 612 3264 γίνεται
640 3177 682 3243 τὰ
713 3176 868 3265 εἰρημένα
899 3191 1019 3266 σημεῖα
1050 3176 1083 3243 ἰν
1111 3191 1186 3255 ταῖς
1221 3173 1366 3263 ἀρχαῖς

135 3287 243 3362 τιθεὶς
271 3287 338 3349 τῶν
365 3281 448 3348 κατὰ
476 3285 582 3346 ταῦτα
606 3280 903 3366 δωδεκατημορίων
930 3327 1019 3344 ....
1047 3303 1078 3365 p.
1096 3285 1158 3345 212
1182 3284 1206 3347 Ε
1242 3274 1295 3347 ὅτι
1316 3282 1365 3352 Δδέ

135 3388 351 3458 ΕΥΔΟΞΟΣ
377 3386 419 3449 τὰ
447 3381 592 3468 τρσιτικδι
625 3395 745 3467 σημεῖα
775 3381 858 3446 κατὰ
892 3386 996 3463 μέσα
1025 3378 1067 3444 τὰ
1099 3380 1202 3465 ζῴδια
1234 3388 1365 3470 τίθησι,

80 3505 112 3555 10
136 3488 233 3576 δῆλον
255 3502 352 3555 ποιεῖ
373 3486 430 3553 διὰ
453 3486 597 3551 τούτων·

262 3589 414 3678 δεύτερος
443 3589 480 3653 δέ
509 3586 582 3653 έστι
609 3586 739 3666 κύκλος,
775 3584 808 3650 έν
838 3577 864 3669 ᾦ
892 3587 1029 3667 θεριναὶ
1051 3588 1177 3670 τροπαὶ
1199 3592 1365 3670 γίνονται·

261 3691 333 3758 ἔστι
357 3685 388 3756 δ)
415 3688 448 3756 ἰν
472 3689 579 3774 τούτῳ
602 3687 643 3752 τὰ
667 3692 754 3769 μέσα
777 3689 836 3751 τοῦ
860 3692 1035 3770 Καρκίνου.

136 3796 190 3859 καὶ
212 3793 317 3860 πάλιν
341 3799 461 3880 φησίν·

262 3901 374 3980 τρίτος
403 3888 435 3958 δ’
469 3892 539 3958 ἰστὶ
569 3891 700 3970 κύκλος,
732 3889 765 3955 έν
789 3884 816 3974 ηἰ
841 3891 875 3954 αἱ
900 3889 1071 3975 ἰσημερίαι
1098 3895 1264 3974 γίνονται·
1295 3890 1367 3957 ἔστι

80 4013 111 4062 15
262 3998 297 4063 δὲ
326 3995 361 4063 έν
390 3995 498 4079 τούτῳ
525 3994 567 4058 τά
595 4017 631 4058 τε
659 3994 719 4056 τοῦ
742 3994 848 4074 Κριοῦ
875 3995 961 4072 μέσα
987 3993 1041 4055 καί
1071 3988 1113 4054 τὰ
1142 3995 1209 4057 τῶν
1231 3994 1365 4079 Χηλῶν.

221 4154 287 4213 155
306 4145 382 4205 ἔστιν
400 4141 428 4202 δ’
447 4147 469 4198 L
491 4147 501 4215 ΙΙ
526 4150 556 4198 15
576 4145 664 4212 pergit
681 4147 745 4210 post
762 4139 855 4214 τούτῳ
873 4141 896 4193 L
914 4141 1048 4222 itera-ndo:
1073 4136 1108 4198 τὰ
1127 4142 1201 4209 μέσα
1219 4146 1272 4198 τοῦ
1291 4145 1367 4210 Καρ-

136 4236 224 4289 κίνου·
243 4236 292 4289 καὶ
315 4231 402 4290 πάλιν
425 4231 524 4302 φησίν·
548 4231 645 4298 τρίτος
662 4220 689 4281 δ’
708 4224 768 4282 ἐστὶ
785 4223 896 4289 κύκλος,
914 4221 985 4298 ένῳ
1010 4223 1039 4279 αὶ
1062 4224 1204 4298 ἰσημερίαι
1222 4228 1366 4296 γίνονται·

136 4314 211 4374 ἔστιν
222 4313 253 4375 δ’
264 4317 297 4374 ἐν
309 4315 403 4391 τούτῳ
415 4316 451 4372 τά
465 4335 496 4371 τε
510 4318 562 4371 τοῦ
576 4317 667 4385 Κριοῦ
679 4312 753 4379 μέσα
764 4313 813 4365 καὶ
825 4305 860 4365 τὰ
875 4313 933 4363 τῶν
943 4312 1047 4379 Χηλῶν
1058 4304 1127 4366 κτλ)
