3174 5160
530 353 577 408 lV.
597 352 647 408 DE
665 352 840 408 GRATETE
859 353 1046 407 MALLOTA.
1338 349 1399 409 203

170 527 314 592 Africam
332 527 576 594 meridionalem
592 534 736 593 tenerent
752 525 916 607 cogitavit.
950 525 1069 592 Contra
1084 527 1311 608 adstipulatum
1329 544 1399 594 esse

169 630 393 694 Arus'rnncno
414 629 630 696 Aristonicum
659 630 755 694 etiam
778 629 809 692 in
833 647 867 692 re
890 628 978 711 ipsa,
1008 648 1072 693 non
1093 627 1190 693 modo
1213 626 1399 691 Cunnnnnn

171 730 344 810 refellenti,
362 750 380 796 e
396 731 528 798 scholiis
544 733 577 795 in
593 730 710 815 Odyss.
726 731 770 794 lV
786 751 816 794 v.
830 733 891 794 556
915 731 942 793 V
958 751 988 794 v.
1003 735 1042 793 55
1066 727 1164 812 (πρὸς
1177 727 1219 792 τὰ
1232 723 1332 808 εΠερὶ
1343 731 1400 812 τῆς

170 829 300 918 πλάνης
319 823 534 910 Ὀδυσσέωξ)
557 833 589 897 Χ
605 855 635 897 v.
655 836 714 897 190
737 832 867 908 (neure
890 844 920 914 p.
938 833 1092 914 ldlsqq.)
1117 833 1317 915 exploratum
1341 839 1397 897 est.

170 932 375 1016 Cannarum,
407 954 489 1017 quae
512 936 663 1001 continua
685 935 901 1018 disputatione
925 933 1220 1017 sphaerographiea
1245 935 1399 1017 probasse

170 1036 232 1100 sibi
262 1037 436 1119 videretur,
469 1057 528 1120 per
560 1036 805 1103 commentarios
832 1035 1020 1101 Homericos
1054 1036 1201 1118 posuisse
1234 1055 1291 1117 pro
1325 1055 1397 1101 oon·

170 1138 269 1204 cessis
291 1139 344 1203 vel
368 1138 582 1204 concedendis
605 1146 853 1204 consentaneum
877 1145 933 1203 est.

256 1240 396 1306 Exstant
418 1241 499 1305 inter
520 1236 598 1316 τοὺς
617 1234 718 1325 (Περὶ
740 1241 799 1303 τοῦ
823 1231 943 1304 adlov’
971 1235 1195 1314 συντάξαντας
1218 1247 1250 1304 et
1265 1239 1400 1305 (innuas

171 1347 202 1406 et
222 1341 465 1410 Anmunncnus
487 1345 725 1425 grammaticus.
771 1342 939 1407 Caluenus
959 1335 1119 1425 Ὁμηρικά
1139 1349 1293 1410 tenemus.
1339 1341 1399 1407 (lui

170 1442 420 1510 Amsnnaonun
443 1445 484 1511 de
509 1443 640 1510 Homeri
662 1444 782 1508 mundo
811 1450 960 1526 terraque
983 1445 1208 1510 adversantem
1233 1444 1295 1508 ista
1317 1443 1398 1507 indi-

170 1543 216 1609 cis
239 1547 397 1610 memoria
418 1546 591 1629 significari
614 1548 795 1613 necessario
819 1545 1048 1612 concludimus.

255 1749 306 1815 De
322 1748 492 1815 Cmunrrs
515 1751 548 1814 in
562 1750 739 1816 Hesiodum
757 1757 789 1815 et
804 1749 944 1815 Rhesum
965 1748 1289 1834 pseudoeuripideum
1313 1769 1398 1813 com·

169 1852 335 1917 montariis
358 1857 390 1917 et
412 1849 454 1917 de
473 1842 681 1917 ‘Boeotiaeis’
715 1859 871 1933 quatenus
897 1853 991 1918 nobis
1014 1851 1266 1918 dissentiendum
1288 1871 1309 1916 a
1330 1851 1398 1915 vul-

170 1953 239 2035 gari
263 1953 416 2036 opinione
438 1952 594 2032 videatur,
618 1954 767 2035 capiteV
791 1953 1035 2020 declarabimus.
