<?xml version="1.0" encoding="UTF-8"?>
<!DOCTYPE html PUBLIC "-//W3C//DTD XHTML 1.0 Transitional//EN"
    "http://www.w3.org/TR/xhtml1/DTD/xhtml1-transitional.dtd">
<html xmlns="http://www.w3.org/1999/xhtml" xml:lang="en" lang="en">
 <head>
  <title>
</title>
<meta http-equiv="Content-Type" content="text/html;charset=utf-8" />
  <meta name='ocr-system' content='tesseract 3.04.00' />
  <meta name='ocr-capabilities' content='ocr_page ocr_carea ocr_par ocr_line ocrx_word'/>
</head>
<body>
  <div class='ocr_page' id='page_1' title='image "./aratea00maasgoog_0070.png"; bbox 0 0 3174 5160; ppageno 0'>
   <div class='ocr_carea' id='block_1_1' title="bbox 527 360 1177 419">
    <p class='ocr_par' dir='ltr' id='par_1_1' title="bbox 527 360 1177 419">
     <span class='ocr_line' id='line_1_1' title="bbox 527 360 1177 419; baseline 0.006 -5"><span class='ocrx_word' id='word_1_1' title='bbox 527 361 561 416; x_wconf 91' lang='lat'><em>11.</em></span> <span class='ocrx_word' id='word_1_2' title='bbox 581 361 630 414; x_wconf 83' lang='lat' dir='ltr'><em>DE</em></span> <span class='ocrx_word' id='word_1_3' title='bbox 649 360 764 414; x_wconf 83' lang='lat' dir='ltr'><strong>ARATI</strong></span> <span class='ocrx_word' id='word_1_4' title='bbox 780 361 915 417; x_wconf 76' lang='lat' dir='ltr'>comcs</span> <span class='ocrx_word' id='word_1_5' title='bbox 933 363 1177 419; x_wconf 82' lang='lat' dir='ltr'><strong>HIPPARCHEO.</strong></span> 
     </span>
    </p>
   </div>
   <div class='ocr_carea' id='block_1_2' title="bbox 172 522 1465 1759">
    <p class='ocr_par' dir='ltr' id='par_1_2' title="bbox 186 522 1465 1132">
     <span class='ocr_line' id='line_1_2' title="bbox 201 522 711 618; baseline -0.002 -19"><span class='ocrx_word' id='word_1_6' title='bbox 201 522 205 527; x_wconf 37' lang='grc'>’</span> <span class='ocrx_word' id='word_1_7' title='bbox 230 528 247 599; x_wconf 87' lang='grc' dir='ltr'><em>δ</em></span> <span class='ocrx_word' id='word_1_8' title='bbox 273 532 311 598; x_wconf 81' lang='grc' dir='ltr'><em>δὲ</em></span> <span class='ocrx_word' id='word_1_9' title='bbox 336 527 476 618; x_wconf 79' lang='grc' dir='ltr'><em>Ἄρατος</em></span> <span class='ocrx_word' id='word_1_10' title='bbox 497 539 539 609; x_wconf 86' lang='lat' dir='ltr'><em>(v.</em></span> <span class='ocrx_word' id='word_1_11' title='bbox 557 538 711 612; x_wconf 68' lang='lat' dir='ltr'>tis-70)-</span> 
     </span>
     <span class='ocr_line' id='line_1_3' title="bbox 186 630 1280 727; baseline 0.004 -29"><span class='ocrx_word' id='word_1_12' title='bbox 186 668 202 714; x_wconf 84' lang='lat'>5</span> <span class='ocrx_word' id='word_1_13' title='bbox 658 677 660 682; x_wconf 92' lang='lat'>·</span> <span class='ocrx_word' id='word_1_14' title='bbox 758 634 871 720; x_wconf 77' lang='grc' dir='ltr'><em>μέσσῳ</em></span> <span class='ocrx_word' id='word_1_15' title='bbox 895 630 926 700; x_wconf 73' lang='grc' dir='ltr'><em>δ’</em></span> <span class='ocrx_word' id='word_1_16' title='bbox 953 636 1128 724; x_wconf 76' lang='grc' dir='ltr'><em>ἐφύπερθε</em></span> <span class='ocrx_word' id='word_1_17' title='bbox 1150 637 1280 727; x_wconf 85' lang='grc' dir='ltr'><em>καρῆνφ</em></span> 
     </span>
     <span class='ocr_line' id='line_1_4' title="bbox 385 724 1290 825; baseline 0.006 -24"><span class='ocrx_word' id='word_1_18' title='bbox 385 735 553 822; x_wconf 82' lang='grc' dir='ltr'><em>δεξιτερού</em></span> <span class='ocrx_word' id='word_1_19' title='bbox 575 735 682 814; x_wconf 87' lang='grc' dir='ltr'><em>ττοδδς</em></span> <span class='ocrx_word' id='word_1_20' title='bbox 706 732 805 824; x_wconf 84' lang='grc' dir='ltr'><em>άκρον</em></span> <span class='ocrx_word' id='word_1_21' title='bbox 829 736 894 818; x_wconf 73' lang='grc' dir='ltr'><em>ἔχει</em></span> <span class='ocrx_word' id='word_1_22' title='bbox 917 740 1065 806; x_wconf 83' lang='grc' dir='ltr'><em>σκολιοῖο</em></span> <span class='ocrx_word' id='word_1_23' title='bbox 1088 724 1290 825; x_wconf 78' lang='grc' dir='ltr'><em>Δράκοντος.</em></span> 
     </span>
     <span class='ocr_line' id='line_1_5' title="bbox 228 832 1465 926; baseline 0.002 -22"><span class='ocrx_word' id='word_1_24' title='bbox 228 837 266 916; x_wconf 73' lang='grc' dir='ltr'><em>ἐξ</em></span> <span class='ocrx_word' id='word_1_25' title='bbox 294 832 333 904; x_wconf 80' lang='grc' dir='ltr'><em>οὗ</em></span> <span class='ocrx_word' id='word_1_26' title='bbox 361 841 416 904; x_wconf 82' lang='grc' dir='ltr'><em>καὶ</em></span> <span class='ocrx_word' id='word_1_27' title='bbox 445 838 593 922; x_wconf 89' lang='grc' dir='ltr'><em>μάλιστα</em></span> <span class='ocrx_word' id='word_1_28' title='bbox 622 836 768 926; x_wconf 83' lang='grc' dir='ltr'><em>φανερὸν</em></span> <span class='ocrx_word' id='word_1_29' title='bbox 797 844 924 922; x_wconf 90' lang='grc' dir='ltr'><em>γίνεται</em></span> <span class='ocrx_word' id='word_1_30' title='bbox 951 837 988 905; x_wconf 87' lang='grc' dir='ltr'><em>τύ</em></span> <span class='ocrx_word' id='word_1_31' title='bbox 1018 849 1237 926; x_wconf 75' lang='grc' dir='ltr'><em>προκείμενον</em></span> <span class='ocrx_word' id='word_1_32' title='bbox 1266 835 1362 926; x_wconf 76' lang='grc' dir='ltr'><em>(παρ’</em></span> <span class='ocrx_word' id='word_1_33' title='bbox 1389 840 1465 907; x_wconf 81' lang='grc' dir='ltr'><em>ἑκα-</em></span> 
     </span>
     <span class='ocr_line' id='line_1_6' title="bbox 226 934 1465 1030; baseline 0.003 -25"><span class='ocrx_word' id='word_1_34' title='bbox 226 940 313 1026; x_wconf 81' lang='grc' dir='ltr'><em>τέρῳ</em></span> <span class='ocrx_word' id='word_1_35' title='bbox 336 938 399 1026; x_wconf 89' lang='grc' dir='ltr'><em>γάρ</em></span> <span class='ocrx_word' id='word_1_36' title='bbox 423 934 532 1006; x_wconf 79' lang='grc' dir='ltr'><em>αύτιῦν</em></span> <span class='ocrx_word' id='word_1_37' title='bbox 553 935 738 1030; x_wconf 84' lang='grc' dir='ltr'><em>ῆγνύῆται)·</em></span> <span class='ocrx_word' id='word_1_38' title='bbox 760 938 819 1005; x_wconf 86' lang='grc' dir='ltr'><em>τὸν</em></span> <span class='ocrx_word' id='word_1_39' title='bbox 834 938 896 1025; x_wconf 87' lang='grc' dir='ltr'><em>γάρ</em></span> <span class='ocrx_word' id='word_1_40' title='bbox 913 934 1087 1026; x_wconf 86' lang='grc' dir='ltr'><em>άριστερδν</em></span> <span class='ocrx_word' id='word_1_41' title='bbox 1104 942 1169 1025; x_wconf 78' lang='grc' dir='ltr'><em>’ἕχει</em></span> <span class='ocrx_word' id='word_1_42' title='bbox 1192 940 1316 1009; x_wconf 83' lang='grc' dir='ltr'><em>ττύδαὸ</em></span> <span class='ocrx_word' id='word_1_43' title='bbox 1337 937 1465 1028; x_wconf 83' lang='grc' dir='ltr'><em>Ἐνγού-</em></span> 
     </span>
     <span class='ocr_line' id='line_1_7' title="bbox 227 1039 1323 1132; baseline 0 -22"><span class='ocrx_word' id='word_1_44' title='bbox 227 1066 323 1110; x_wconf 92' lang='grc' dir='ltr'><em>νασιν</em></span> <span class='ocrx_word' id='word_1_45' title='bbox 347 1041 405 1109; x_wconf 78' lang='grc' dir='ltr'><em>ἐπὶ</em></span> <span class='ocrx_word' id='word_1_46' title='bbox 427 1051 486 1132; x_wconf 89' lang='grc' dir='ltr'><em>τῆς</em></span> <span class='ocrx_word' id='word_1_47' title='bbox 507 1045 655 1130; x_wconf 78' lang='grc' dir='ltr'><em>κεφαλῆς</em></span> <span class='ocrx_word' id='word_1_48' title='bbox 677 1045 737 1108; x_wconf 85' lang='grc' dir='ltr'><em>τού</em></span> <span class='ocrx_word' id='word_1_49' title='bbox 759 1041 959 1125; x_wconf 78' lang='grc' dir='ltr'><em>Δράκοντος,</em></span> <span class='ocrx_word' id='word_1_50' title='bbox 982 1048 1038 1110; x_wconf 89' lang='grc' dir='ltr'><em>καὶ</em></span> <span class='ocrx_word' id='word_1_51' title='bbox 1062 1039 1100 1109; x_wconf 91' lang='grc' dir='ltr'><em>ού</em></span> <span class='ocrx_word' id='word_1_52' title='bbox 1123 1043 1182 1111; x_wconf 87' lang='grc' dir='ltr'><em>τύν</em></span> <span class='ocrx_word' id='word_1_53' title='bbox 1205 1045 1323 1123; x_wconf 84' lang='grc' dir='ltr'><em>δεξιάν.</em></span> 
     </span>
    </p>

    <p class='ocr_par' dir='ltr' id='par_1_3' title="bbox 172 1139 1462 1435">
     <span class='ocr_line' id='line_1_8' title="bbox 172 1139 1461 1231; baseline 0.002 -21"><span class='ocrx_word' id='word_1_54' title='bbox 172 1181 203 1229; x_wconf 69' lang='lat'><em>10</em></span> <span class='ocrx_word' id='word_1_55' title='bbox 317 1150 346 1212; x_wconf 84' lang='lat'><em>2.</em></span> <span class='ocrx_word' id='word_1_56' title='bbox 370 1147 386 1212; x_wconf 93' lang='grc' dir='ltr'>Ι</span> <span class='ocrx_word' id='word_1_57' title='bbox 407 1168 438 1231; x_wconf 91' lang='lat' dir='ltr'><em>p.</em></span> <span class='ocrx_word' id='word_1_58' title='bbox 457 1148 555 1214; x_wconf 82' lang='lat'>1810</span> <span class='ocrx_word' id='word_1_59' title='bbox 579 1148 662 1213; x_wconf 86' lang='lat' dir='ltr'>male</span> <span class='ocrx_word' id='word_1_60' title='bbox 678 1147 822 1212; x_wconf 84' lang='lat' dir='ltr'>Attalum</span> <span class='ocrx_word' id='word_1_61' title='bbox 845 1146 893 1222; x_wconf 88' lang='lat' dir='ltr'>(fr.</span> <span class='ocrx_word' id='word_1_62' title='bbox 910 1149 941 1223; x_wconf 83' lang='grc'><em>6)</em></span> <span class='ocrx_word' id='word_1_63' title='bbox 965 1150 1132 1231; x_wconf 79' lang='lat' dir='ltr'>scripsisse</span> <span class='ocrx_word' id='word_1_64' title='bbox 1155 1171 1185 1215; x_wconf 94' lang='lat' dir='ltr'><em>v.</em></span> <span class='ocrx_word' id='word_1_65' title='bbox 1203 1153 1243 1214; x_wconf 82' lang='lat'><em>69</em></span> <span class='ocrx_word' id='word_1_66' title='bbox 1266 1146 1405 1230; x_wconf 85' lang='grc' dir='ltr'><em>«μέσσου</em></span> <span class='ocrx_word' id='word_1_67' title='bbox 1429 1139 1461 1211; x_wconf 83' lang='grc' dir='ltr'><em>δ’</em></span> 
     </span>
     <span class='ocr_line' id='line_1_9' title="bbox 229 1246 1462 1335; baseline 0.001 -22"><span class='ocrx_word' id='word_1_68' title='bbox 229 1246 407 1334; x_wconf 72' lang='grc' dir='ltr'><em>ἐφύπερθε</em></span> <span class='ocrx_word' id='word_1_69' title='bbox 434 1246 590 1335; x_wconf 74' lang='grc' dir='ltr'><em>καρήνου»</em></span> <span class='ocrx_word' id='word_1_70' title='bbox 619 1248 823 1331; x_wconf 84' lang='lat' dir='ltr'>Hipparchus</span> <span class='ocrx_word' id='word_1_71' title='bbox 853 1248 932 1315; x_wconf 93' lang='lat' dir='ltr'>dicit</span> <span class='ocrx_word' id='word_1_72' title='bbox 965 1270 1037 1316; x_wconf 91' lang='lat' dir='ltr'><em>cum</em></span> <span class='ocrx_word' id='word_1_73' title='bbox 1067 1253 1148 1317; x_wconf 86' lang='lat' dir='ltr'>alias</span> <span class='ocrx_word' id='word_1_74' title='bbox 1178 1254 1219 1317; x_wconf 95' lang='lat' dir='ltr'><em>ob</em></span> <span class='ocrx_word' id='word_1_75' title='bbox 1249 1271 1362 1318; x_wconf 82' lang='lat' dir='ltr'>causas</span> <span class='ocrx_word' id='word_1_76' title='bbox 1396 1257 1462 1316; x_wconf 87' lang='lat' dir='ltr'><em>tum</em></span> 
     </span>
     <span class='ocr_line' id='line_1_10' title="bbox 227 1347 1174 1435; baseline -0.001 -18"><span class='ocrx_word' id='word_1_77' title='bbox 227 1351 318 1435; x_wconf 89' lang='lat' dir='ltr'>quod</span> <span class='ocrx_word' id='word_1_78' title='bbox 341 1347 375 1415; x_wconf 80' lang='grc' dir='ltr'><em>ἐν</em></span> <span class='ocrx_word' id='word_1_79' title='bbox 399 1355 487 1414; x_wconf 75' lang='grc' dir='ltr'><em>πᾶσι</em></span> <span class='ocrx_word' id='word_1_80' title='bbox 508 1360 580 1425; x_wconf 89' lang='grc' dir='ltr'><em>τοῖς</em></span> <span class='ocrx_word' id='word_1_81' title='bbox 601 1350 748 1432; x_wconf 77' lang='grc' dir='ltr'><em>βιβλίοις</em></span> <span class='ocrx_word' id='word_1_82' title='bbox 770 1347 936 1434; x_wconf 79' lang='grc' dir='ltr'><em>γράφεται</em></span> <span class='ocrx_word' id='word_1_83' title='bbox 960 1357 1001 1427; x_wconf 88' lang='lat' dir='ltr'><em>(v.</em></span> <span class='ocrx_word' id='word_1_84' title='bbox 1019 1354 1174 1430; x_wconf 67' lang='grc' dir='ltr'><em>θέλ-70)·</em></span> 
     </span>
    </p>

    <p class='ocr_par' dir='ltr' id='par_1_4' title="bbox 319 1444 1464 1759">
     <span class='ocr_line' id='line_1_11' title="bbox 751 1444 1311 1541; baseline 0.005 -27"><span class='ocrx_word' id='word_1_85' title='bbox 751 1449 898 1535; x_wconf 81' lang='grc' dir='ltr'><em>μέ&lt;σ&gt;σφ</em></span> <span class='ocrx_word' id='word_1_86' title='bbox 923 1444 955 1515; x_wconf 74' lang='grc' dir='ltr'><em>δ’</em></span> <span class='ocrx_word' id='word_1_87' title='bbox 982 1450 1159 1538; x_wconf 72' lang='grc' dir='ltr'><em>ἐφύπερθε</em></span> <span class='ocrx_word' id='word_1_88' title='bbox 1180 1452 1311 1541; x_wconf 82' lang='grc' dir='ltr'><em>καρῆνῳ</em></span> 
     </span>
     <span class='ocr_line' id='line_1_12' title="bbox 385 1546 1311 1640; baseline 0.001 -23"><span class='ocrx_word' id='word_1_89' title='bbox 385 1551 553 1638; x_wconf 81' lang='grc' dir='ltr'><em>δεξιτερού</em></span> <span class='ocrx_word' id='word_1_90' title='bbox 574 1550 681 1628; x_wconf 81' lang='grc' dir='ltr'><em>ττοδδς</em></span> <span class='ocrx_word' id='word_1_91' title='bbox 704 1546 803 1635; x_wconf 81' lang='grc' dir='ltr'><em>δ’κρον</em></span> <span class='ocrx_word' id='word_1_92' title='bbox 826 1550 892 1633; x_wconf 69' lang='grc' dir='ltr'><em>ἔχει</em></span> <span class='ocrx_word' id='word_1_93' title='bbox 911 1555 1058 1619; x_wconf 87' lang='grc' dir='ltr'><em>σκολιοῖο</em></span> <span class='ocrx_word' id='word_1_94' title='bbox 1075 1552 1311 1640; x_wconf 87' lang='grc' dir='ltr'><em>&lt;Δράκοντος&gt;.</em></span> 
     </span>
     <span class='ocr_line' id='line_1_13' title="bbox 319 1682 1464 1759; baseline 0.001 -19"><span class='ocrx_word' id='word_1_95' title='bbox 319 1692 330 1740; x_wconf 92' lang='grc'>1</span> <span class='ocrx_word' id='word_1_96' title='bbox 350 1685 383 1743; x_wconf 81' lang='grc' dir='ltr'><em>ἐν</em></span> <span class='ocrx_word' id='word_1_97' title='bbox 399 1682 519 1758; x_wconf 81' lang='grc' dir='ltr'><em>γούνασι</em></span> <span class='ocrx_word' id='word_1_98' title='bbox 531 1686 581 1740; x_wconf 88' lang='lat' dir='ltr'><em>LV</em></span> <span class='ocrx_word' id='word_1_99' title='bbox 598 1692 625 1740; x_wconf 88' lang='lat' dir='ltr'><em>et</em></span> <span class='ocrx_word' id='word_1_100' title='bbox 643 1685 731 1739; x_wconf 85' lang='lat' dir='ltr'>solent</span> <span class='ocrx_word' id='word_1_101' title='bbox 748 1687 787 1740; x_wconf 88' lang='lat' dir='ltr'>ita</span> <span class='ocrx_word' id='word_1_102' title='bbox 805 1688 814 1753; x_wconf 92' lang='grc' dir='ltr'><em>ΙΙ</em></span> <span class='ocrx_word' id='word_1_103' title='bbox 833 1688 902 1757; x_wconf 89' lang='grc' dir='ltr'><em>φησί</em></span> <span class='ocrx_word' id='word_1_104' title='bbox 913 1687 938 1740; x_wconf 90' lang='lat' dir='ltr'><strong>V</strong></span> <span class='ocrx_word' id='word_1_105' title='bbox 951 1689 988 1753; x_wconf 91' lang='grc' dir='ltr'><em>ΙΙ8</em></span> <span class='ocrx_word' id='word_1_106' title='bbox 1008 1683 1084 1743; x_wconf 77' lang='grc' dir='ltr'><em>κύδει</em></span> <span class='ocrx_word' id='word_1_107' title='bbox 1104 1683 1160 1759; x_wconf 74' lang='grc' dir='ltr'><em>ἔχει</em></span> <span class='ocrx_word' id='word_1_108' title='bbox 1177 1689 1222 1755; x_wconf 74' lang='lat' dir='ltr'><em>Lss</em></span> <span class='ocrx_word' id='word_1_109' title='bbox 1239 1693 1268 1742; x_wconf 87' lang='grc'><em>13</em></span> <span class='ocrx_word' id='word_1_110' title='bbox 1288 1689 1412 1756; x_wconf 84' lang='lat' dir='ltr'>supplevi</span> <span class='ocrx_word' id='word_1_111' title='bbox 1431 1705 1464 1742; x_wconf 91' lang='lat' dir='ltr'><em>ex</em></span> 
     </span>
    </p>
   </div>
   <div class='ocr_carea' id='block_1_3' title="bbox 226 1762 1462 1924">
    <p class='ocr_par' dir='ltr' id='par_1_5' title="bbox 226 1762 1462 1924">
     <span class='ocr_line' id='line_1_14' title="bbox 227 1762 1462 1846; baseline 0.001 -21"><span class='ocrx_word' id='word_1_112' title='bbox 227 1772 385 1828; x_wconf 84' lang='lat' dir='ltr'>Marciano:</span> <span class='ocrx_word' id='word_1_113' title='bbox 404 1769 484 1846; x_wconf 85' lang='grc' dir='ltr'><em>μέσῳ</em></span> <span class='ocrx_word' id='word_1_114' title='bbox 496 1771 576 1826; x_wconf 89' lang='lat' dir='ltr'>etiam</span> <span class='ocrx_word' id='word_1_115' title='bbox 590 1770 686 1826; x_wconf 87' lang='lat' dir='ltr'>lemma</span> <span class='ocrx_word' id='word_1_116' title='bbox 699 1771 831 1826; x_wconf 86' lang='lat' dir='ltr'>Marciani</span> <span class='ocrx_word' id='word_1_117' title='bbox 849 1773 858 1838; x_wconf 90' lang='grc' dir='ltr'><em>ΙΙ</em></span> <span class='ocrx_word' id='word_1_118' title='bbox 875 1764 924 1841; x_wconf 75' lang='grc' dir='ltr'><em>ἐφ’</em></span> <span class='ocrx_word' id='word_1_119' title='bbox 936 1762 1047 1843; x_wconf 68' lang='lat' dir='ltr'>inepte</span> <span class='ocrx_word' id='word_1_120' title='bbox 1059 1772 1093 1837; x_wconf 89' lang='lat' dir='ltr'><em>V,</em></span> <span class='ocrx_word' id='word_1_121' title='bbox 1111 1771 1258 1844; x_wconf 71' lang='grc' dir='ltr'><em>έφήτερθε</em></span> <span class='ocrx_word' id='word_1_122' title='bbox 1271 1773 1294 1827; x_wconf 91' lang='lat' dir='ltr'>L</span> <span class='ocrx_word' id='word_1_123' title='bbox 1307 1775 1316 1841; x_wconf 86' lang='grc' dir='ltr'><em>ΙΙ</em></span> <span class='ocrx_word' id='word_1_124' title='bbox 1333 1779 1363 1826; x_wconf 87' lang='grc'><em>14</em></span> <span class='ocrx_word' id='word_1_125' title='bbox 1381 1775 1462 1842; x_wconf 81' lang='lat' dir='ltr'>suppl</span> 
     </span>
     <span class='ocr_line' id='line_1_15' title="bbox 226 1856 1194 1924; baseline -0.003 -11"><span class='ocrx_word' id='word_1_126' title='bbox 226 1856 357 1924; x_wconf 84' lang='lat' dir='ltr'>Scaliger.</span> <span class='ocrx_word' id='word_1_127' title='bbox 1191 1890 1194 1897; x_wconf 89' lang='lat'>-</span> 
     </span>
    </p>
   </div>
   <div class='ocr_carea' id='block_1_4' title="bbox 227 1994 1463 2384">
    <p class='ocr_par' dir='ltr' id='par_1_6' title="bbox 227 1994 1463 2384">
     <span class='ocr_line' id='line_1_16' title="bbox 314 1994 1462 2079; baseline -0.001 -17"><span class='ocrx_word' id='word_1_128' title='bbox 314 1996 439 2062; x_wconf 89' lang='lat' dir='ltr'>Summi</span> <span class='ocrx_word' id='word_1_129' title='bbox 462 1996 616 2062; x_wconf 85' lang='lat' dir='ltr'>momenti</span> <span class='ocrx_word' id='word_1_130' title='bbox 639 2002 703 2078; x_wconf 86' lang='lat' dir='ltr'>est,</span> <span class='ocrx_word' id='word_1_131' title='bbox 734 1994 819 2077; x_wconf 91' lang='lat' dir='ltr'>quod</span> <span class='ocrx_word' id='word_1_132' title='bbox 850 1996 1039 2078; x_wconf 85' lang='lat' dir='ltr'>scripturam</span> <span class='ocrx_word' id='word_1_133' title='bbox 1063 1996 1250 2079; x_wconf 88' lang='lat' dir='ltr'>Hipparcho</span> <span class='ocrx_word' id='word_1_134' title='bbox 1277 2002 1359 2063; x_wconf 88' lang='lat' dir='ltr'>teste</span> <span class='ocrx_word' id='word_1_135' title='bbox 1380 1998 1462 2062; x_wconf 88' lang='lat' dir='ltr'>anti·</span> 
     </span>
     <span class='ocr_line' id='line_1_17' title="bbox 228 2097 1463 2182; baseline 0 -18"><span class='ocrx_word' id='word_1_136' title='bbox 228 2099 417 2182; x_wconf 90' lang='lat' dir='ltr'>quissimam</span> <span class='ocrx_word' id='word_1_137' title='bbox 435 2105 467 2164; x_wconf 85' lang='lat' dir='ltr'><em>et</em></span> <span class='ocrx_word' id='word_1_138' title='bbox 485 2103 571 2164; x_wconf 85' lang='lat' dir='ltr'>certe</span> <span class='ocrx_word' id='word_1_139' title='bbox 586 2097 769 2179; x_wconf 85' lang='lat' dir='ltr'>genuinam,</span> <span class='ocrx_word' id='word_1_140' title='bbox 793 2100 938 2180; x_wconf 88' lang='lat' dir='ltr'>quamvis</span> <span class='ocrx_word' id='word_1_141' title='bbox 954 2099 1108 2164; x_wconf 80' lang='lat' dir='ltr'>scientiae</span> <span class='ocrx_word' id='word_1_142' title='bbox 1124 2101 1356 2166; x_wconf 86' lang='lat' dir='ltr'>astronomicae</span> <span class='ocrx_word' id='word_1_143' title='bbox 1371 2100 1463 2164; x_wconf 90' lang='lat' dir='ltr'>Arati</span> 
     </span>
     <span class='ocr_line' id='line_1_18' title="bbox 228 2199 1462 2282; baseline -0.002 -15"><span class='ocrx_word' id='word_1_144' title='bbox 228 2199 440 2281; x_wconf 88' lang='lat' dir='ltr'>officientem,</span> <span class='ocrx_word' id='word_1_145' title='bbox 463 2199 644 2265; x_wconf 86' lang='lat' dir='ltr'>Marcianus</span> <span class='ocrx_word' id='word_1_146' title='bbox 673 2201 873 2282; x_wconf 80' lang='lat' dir='ltr'>propagavit.</span> <span class='ocrx_word' id='word_1_147' title='bbox 920 2201 1053 2282; x_wconf 82' lang='lat' dir='ltr'>Egimus</span> <span class='ocrx_word' id='word_1_148' title='bbox 1084 2201 1244 2282; x_wconf 90' lang='lat' dir='ltr'>copiosius</span> <span class='ocrx_word' id='word_1_149' title='bbox 1274 2200 1315 2267; x_wconf 88' lang='lat' dir='ltr'><em>de</em></span> <span class='ocrx_word' id='word_1_150' title='bbox 1338 2200 1398 2266; x_wconf 88' lang='lat' dir='ltr'>hac</span> <span class='ocrx_word' id='word_1_151' title='bbox 1427 2220 1462 2265; x_wconf 91' lang='lat' dir='ltr'><em>re</em></span> 
     </span>
     <span class='ocr_line' id='line_1_19' title="bbox 227 2301 1164 2384; baseline 0.001 -17"><span class='ocrx_word' id='word_1_152' title='bbox 227 2303 338 2369; x_wconf 87' lang='lat' dir='ltr'>Herm.</span> <span class='ocrx_word' id='word_1_153' title='bbox 354 2301 436 2366; x_wconf 89' lang='lat' dir='ltr'><em>XIX</em></span> <span class='ocrx_word' id='word_1_154' title='bbox 459 2323 488 2367; x_wconf 87' lang='lat' dir='ltr'>a.</span> <span class='ocrx_word' id='word_1_155' title='bbox 507 2303 589 2365; x_wconf 88' lang='grc'>1884</span> <span class='ocrx_word' id='word_1_156' title='bbox 612 2321 643 2384; x_wconf 88' lang='lat' dir='ltr'><em>p.</em></span> <span class='ocrx_word' id='word_1_157' title='bbox 663 2305 738 2365; x_wconf 86' lang='lat'><strong>107:</strong></span> <span class='ocrx_word' id='word_1_158' title='bbox 761 2321 844 2383; x_wconf 89' lang='lat' dir='ltr'>quae</span> <span class='ocrx_word' id='word_1_159' title='bbox 867 2302 1013 2367; x_wconf 90' lang='lat' dir='ltr'>nolumus</span> <span class='ocrx_word' id='word_1_160' title='bbox 1036 2303 1164 2368; x_wconf 86' lang='lat' dir='ltr'>iterare.</span> 
     </span>
    </p>
   </div>
   <div class='ocr_carea' id='block_1_5' title="bbox 168 2583 1463 3997">
    <p class='ocr_par' dir='ltr' id='par_1_7' title="bbox 219 2583 1463 2983">
     <span class='ocr_line' id='line_1_20' title="bbox 316 2583 1463 2675; baseline -0.003 -19"><span class='ocrx_word' id='word_1_161' title='bbox 316 2596 344 2656; x_wconf 92' lang='lat'><em>1.</em></span> <span class='ocrx_word' id='word_1_162' title='bbox 367 2590 547 2673; x_wconf 77' lang='lat' dir='ltr'>Ip.181E</span> <span class='ocrx_word' id='word_1_163' title='bbox 570 2585 658 2671; x_wconf 79' lang='grc' dir='ltr'><em>πρὸς</em></span> <span class='ocrx_word' id='word_1_164' title='bbox 686 2586 721 2652; x_wconf 83' lang='grc' dir='ltr'><em>δὲ</em></span> <span class='ocrx_word' id='word_1_165' title='bbox 747 2586 854 2672; x_wconf 80' lang='grc' dir='ltr'><em>τούτῳ</em></span> <span class='ocrx_word' id='word_1_166' title='bbox 877 2589 932 2652; x_wconf 84' lang='grc' dir='ltr'><em>καὶ</em></span> <span class='ocrx_word' id='word_1_167' title='bbox 955 2585 1013 2652; x_wconf 90' lang='grc' dir='ltr'><em>τδν</em></span> <span class='ocrx_word' id='word_1_168' title='bbox 1041 2586 1269 2675; x_wconf 82' lang='grc' dir='ltr'><em>σχηματισμὸν</em></span> <span class='ocrx_word' id='word_1_169' title='bbox 1297 2583 1376 2675; x_wconf 89' lang='grc' dir='ltr'><em>ῆμῖν</em></span> <span class='ocrx_word' id='word_1_170' title='bbox 1404 2591 1463 2653; x_wconf 86' lang='grc' dir='ltr'><em>τού</em></span> 
     </span>
     <span class='ocr_line' id='line_1_21' title="bbox 219 2683 1463 2777; baseline -0.002 -20"><span class='ocrx_word' id='word_1_171' title='bbox 219 2684 414 2776; x_wconf 81' lang='grc' dir='ltr'><em>Ἐνγούνασι</em></span> <span class='ocrx_word' id='word_1_172' title='bbox 429 2693 484 2756; x_wconf 87' lang='grc' dir='ltr'><em>καὶ</em></span> <span class='ocrx_word' id='word_1_173' title='bbox 506 2689 566 2777; x_wconf 82' lang='grc' dir='ltr'><em>τῆν</em></span> <span class='ocrx_word' id='word_1_174' title='bbox 585 2693 685 2754; x_wconf 72' lang='grc' dir='ltr'><em>θέσιν</em></span> <span class='ocrx_word' id='word_1_175' title='bbox 710 2688 889 2775; x_wconf 79' lang='grc' dir='ltr'><em>διασαφεῖν</em></span> <span class='ocrx_word' id='word_1_176' title='bbox 903 2688 1106 2772; x_wconf 78' lang='grc' dir='ltr'><em>βουλόμενος</em></span> <span class='ocrx_word' id='word_1_177' title='bbox 1129 2685 1145 2755; x_wconf 83' lang='grc' dir='ltr'><em>δ</em></span> <span class='ocrx_word' id='word_1_178' title='bbox 1163 2684 1303 2773; x_wconf 79' lang='grc' dir='ltr'><em>Ἄρατος</em></span> <span class='ocrx_word' id='word_1_179' title='bbox 1320 2683 1463 2775; x_wconf 77' lang='grc' dir='ltr'><em>εὐλόγως</em></span> 
     </span>
     <span class='ocr_line' id='line_1_22' title="bbox 223 2782 1463 2881; baseline -0.002 -22"><span class='ocrx_word' id='word_1_180' title='bbox 223 2784 266 2859; x_wconf 77' lang='grc' dir='ltr'><em>δν</em></span> <span class='ocrx_word' id='word_1_181' title='bbox 292 2798 451 2881; x_wconf 79' lang='grc' dir='ltr'><em>σημαίνοι</em></span> <span class='ocrx_word' id='word_1_182' title='bbox 472 2794 528 2857; x_wconf 87' lang='grc' dir='ltr'><em>καὶ</em></span> <span class='ocrx_word' id='word_1_183' title='bbox 551 2803 651 2867; x_wconf 86' lang='grc' dir='ltr'><em>ττοῖος</em></span> <span class='ocrx_word' id='word_1_184' title='bbox 675 2782 777 2856; x_wconf 86' lang='grc' dir='ltr'><em>αύτού</em></span> <span class='ocrx_word' id='word_1_185' title='bbox 798 2789 885 2868; x_wconf 75' lang='grc' dir='ltr'><em>τούς</em></span> <span class='ocrx_word' id='word_1_186' title='bbox 908 2804 1015 2858; x_wconf 87' lang='grc' dir='ltr'><em>κεῖται</em></span> <span class='ocrx_word' id='word_1_187' title='bbox 1038 2789 1095 2859; x_wconf 76' lang='grc' dir='ltr'><em>ἐντὶ</em></span> <span class='ocrx_word' id='word_1_188' title='bbox 1117 2795 1175 2880; x_wconf 90' lang='grc' dir='ltr'><em>τῆς</em></span> <span class='ocrx_word' id='word_1_189' title='bbox 1197 2794 1256 2856; x_wconf 90' lang='grc' dir='ltr'><em>τού</em></span> <span class='ocrx_word' id='word_1_190' title='bbox 1271 2791 1463 2880; x_wconf 83' lang='grc' dir='ltr'><em>Δράκοντος</em></span> 
     </span>
     <span class='ocr_line' id='line_1_23' title="bbox 221 2886 1460 2983; baseline -0.003 -23"><span class='ocrx_word' id='word_1_191' title='bbox 221 2897 389 2983; x_wconf 77' lang='grc' dir='ltr'><em>κεφαλῆς·</em></span> <span class='ocrx_word' id='word_1_192' title='bbox 414 2886 451 2958; x_wconf 92' lang='grc' dir='ltr'><em>ού</em></span> <span class='ocrx_word' id='word_1_193' title='bbox 473 2891 537 2978; x_wconf 87' lang='grc' dir='ltr'><em>γάρ</em></span> <span class='ocrx_word' id='word_1_194' title='bbox 561 2887 670 2969; x_wconf 82' lang='grc' dir='ltr'><em>άλλως</em></span> <span class='ocrx_word' id='word_1_195' title='bbox 692 2898 908 2980; x_wconf 75' lang='grc' dir='ltr'><em>παρατίθησι</em></span> <span class='ocrx_word' id='word_1_196' title='bbox 930 2890 989 2980; x_wconf 85' lang='grc' dir='ltr'><em>τῆν</em></span> <span class='ocrx_word' id='word_1_197' title='bbox 1011 2896 1070 2958; x_wconf 82' lang='grc' dir='ltr'><em>τού</em></span> <span class='ocrx_word' id='word_1_198' title='bbox 1092 2892 1283 2976; x_wconf 82' lang='grc' dir='ltr'><em>Δράκοντος</em></span> <span class='ocrx_word' id='word_1_199' title='bbox 1305 2891 1460 2980; x_wconf 87' lang='grc' dir='ltr'><em>κεφαλῆν,</em></span> 
     </span>
    </p>

    <p class='ocr_par' dir='ltr' id='par_1_8' title="bbox 180 2985 1462 3285">
     <span class='ocr_line' id='line_1_24' title="bbox 180 2985 1462 3081; baseline -0.002 -19"><span class='ocrx_word' id='word_1_200' title='bbox 180 3022 196 3069; x_wconf 83' lang='lat'>5</span> <span class='ocrx_word' id='word_1_201' title='bbox 224 2989 303 3062; x_wconf 75' lang='grc' dir='ltr'><em>ἀλλ’</em></span> <span class='ocrx_word' id='word_1_202' title='bbox 336 2996 393 3061; x_wconf 81' lang='grc' dir='ltr'><em>ἵνα</em></span> <span class='ocrx_word' id='word_1_203' title='bbox 423 2997 465 3081; x_wconf 86' lang='grc' dir='ltr'><em>τῆ</em></span> <span class='ocrx_word' id='word_1_204' title='bbox 492 2998 591 3060; x_wconf 77' lang='grc' dir='ltr'><em>θέσει</em></span> <span class='ocrx_word' id='word_1_205' title='bbox 621 2997 681 3059; x_wconf 80' lang='grc' dir='ltr'><em>τοῦ</em></span> <span class='ocrx_word' id='word_1_206' title='bbox 705 2987 895 3079; x_wconf 80' lang='grc' dir='ltr'><em>Ἐνγούνασι</em></span> <span class='ocrx_word' id='word_1_207' title='bbox 924 2996 1244 3078; x_wconf 71' lang='grc' dir='ltr'><em>παρακολουθιύμεν.</em></span> <span class='ocrx_word' id='word_1_208' title='bbox 1294 2985 1378 3077; x_wconf 82' lang='grc' dir='ltr'><em>ύττερ</em></span> <span class='ocrx_word' id='word_1_209' title='bbox 1406 2996 1462 3060; x_wconf 81' lang='grc' dir='ltr'><em>καί</em></span> 
     </span>
     <span class='ocr_line' id='line_1_25' title="bbox 224 3090 1462 3181; baseline -0.003 -17"><span class='ocrx_word' id='word_1_210' title='bbox 224 3091 283 3164; x_wconf 76' lang='grc' dir='ltr'><em>ἐπ’</em></span> <span class='ocrx_word' id='word_1_211' title='bbox 304 3093 415 3163; x_wconf 81' lang='grc' dir='ltr'><em>άλλων</em></span> <span class='ocrx_word' id='word_1_212' title='bbox 438 3094 604 3161; x_wconf 79' lang='grc' dir='ltr'><em>πλειόνων</em></span> <span class='ocrx_word' id='word_1_213' title='bbox 623 3109 729 3162; x_wconf 82' lang='grc' dir='ltr'><em>ποιεῖ·</em></span> <span class='ocrx_word' id='word_1_214' title='bbox 753 3096 912 3181; x_wconf 70' lang='grc' dir='ltr'><em>καθάπερ</em></span> <span class='ocrx_word' id='word_1_215' title='bbox 928 3098 984 3161; x_wconf 84' lang='grc' dir='ltr'><em>καὶ</em></span> <span class='ocrx_word' id='word_1_216' title='bbox 1008 3090 1063 3162; x_wconf 76' lang='grc' dir='ltr'><em>ἐντ’</em></span> <span class='ocrx_word' id='word_1_217' title='bbox 1085 3091 1260 3163; x_wconf 83' lang='grc' dir='ltr'><em>αύτούτού</em></span> <span class='ocrx_word' id='word_1_218' title='bbox 1271 3090 1462 3180; x_wconf 86' lang='grc' dir='ltr'><em>Ἔνγούνασι</em></span> 
     </span>
     <span class='ocr_line' id='line_1_26' title="bbox 223 3192 974 3285; baseline -0.004 -19"><span class='ocrx_word' id='word_1_219' title='bbox 223 3200 267 3266; x_wconf 87' lang='grc' dir='ltr'><em>τὰ</em></span> <span class='ocrx_word' id='word_1_220' title='bbox 293 3194 379 3265; x_wconf 84' lang='grc' dir='ltr'><em>άλλα</em></span> <span class='ocrx_word' id='word_1_221' title='bbox 403 3192 504 3264; x_wconf 86' lang='grc' dir='ltr'><em>αύτού</em></span> <span class='ocrx_word' id='word_1_222' title='bbox 526 3200 609 3282; x_wconf 80' lang='grc' dir='ltr'><em>μέρη</em></span> <span class='ocrx_word' id='word_1_223' title='bbox 633 3203 736 3285; x_wconf 82' lang='grc' dir='ltr'><em>φησίν</em></span> <span class='ocrx_word' id='word_1_224' title='bbox 761 3205 802 3280; x_wconf 87' lang='lat' dir='ltr'><em>(v.</em></span> <span class='ocrx_word' id='word_1_225' title='bbox 821 3202 974 3277; x_wconf 82' lang='lat'>74-75)·</span> 
     </span>
    </p>

    <p class='ocr_par' dir='ltr' id='par_1_9' title="bbox 433 3293 1350 3490">
     <span class='ocr_line' id='line_1_27' title="bbox 433 3293 1350 3388; baseline -0.004 -21"><span class='ocrx_word' id='word_1_226' title='bbox 433 3298 526 3386; x_wconf 81' lang='grc' dir='ltr'><em>νώτῳ</em></span> <span class='ocrx_word' id='word_1_227' title='bbox 549 3299 609 3378; x_wconf 80' lang='grc' dir='ltr'><em>μὲν</em></span> <span class='ocrx_word' id='word_1_228' title='bbox 632 3303 803 3387; x_wconf 79' lang='grc' dir='ltr'><em>Στέφανος</em></span> <span class='ocrx_word' id='word_1_229' title='bbox 826 3299 955 3380; x_wconf 82' lang='grc' dir='ltr'><em>ττελάει,</em></span> <span class='ocrx_word' id='word_1_230' title='bbox 977 3300 1106 3388; x_wconf 79' lang='grc' dir='ltr'><em>κεφαλῆ</em></span> <span class='ocrx_word' id='word_1_231' title='bbox 1128 3324 1164 3385; x_wconf 91' lang='grc' dir='ltr'><em>γε</em></span> <span class='ocrx_word' id='word_1_232' title='bbox 1186 3299 1246 3382; x_wconf 79' lang='grc' dir='ltr'><em>μὲν</em></span> <span class='ocrx_word' id='word_1_233' title='bbox 1269 3293 1350 3384; x_wconf 82' lang='grc' dir='ltr'><em>άκρῃ</em></span> 
     </span>
     <span class='ocr_line' id='line_1_28' title="bbox 434 3396 1061 3490; baseline 0.002 -24"><span class='ocrx_word' id='word_1_234' title='bbox 434 3406 575 3467; x_wconf 79' lang='grc' dir='ltr'><em>σκέπτεο</em></span> <span class='ocrx_word' id='word_1_235' title='bbox 599 3399 669 3486; x_wconf 84' lang='grc' dir='ltr'><em>ττάρ</em></span> <span class='ocrx_word' id='word_1_236' title='bbox 691 3399 839 3489; x_wconf 82' lang='grc' dir='ltr'><em>κεφαλὴν</em></span> <span class='ocrx_word' id='word_1_237' title='bbox 857 3396 1061 3490; x_wconf 80' lang='grc' dir='ltr'><em>Ὀφιούχεον.</em></span> 
     </span>
    </p>

    <p class='ocr_par' dir='ltr' id='par_1_10' title="bbox 168 3502 847 3591">
     <span class='ocr_line' id='line_1_29' title="bbox 168 3502 847 3591; baseline -0.007 -20"><span class='ocrx_word' id='word_1_238' title='bbox 168 3533 196 3582; x_wconf 86' lang='lat'><em>10</em></span> <span class='ocrx_word' id='word_1_239' title='bbox 224 3507 284 3572; x_wconf 82' lang='grc' dir='ltr'><em>καὶ</em></span> <span class='ocrx_word' id='word_1_240' title='bbox 308 3504 357 3571; x_wconf 79' lang='grc' dir='ltr'><em>’ἑτι</em></span> <span class='ocrx_word' id='word_1_241' title='bbox 380 3507 422 3591; x_wconf 87' lang='grc' dir='ltr'><em>τῆ</em></span> <span class='ocrx_word' id='word_1_242' title='bbox 444 3502 548 3590; x_wconf 74' lang='grc' dir='ltr'><em>Λύρα</em></span> <span class='ocrx_word' id='word_1_243' title='bbox 571 3509 673 3590; x_wconf 84' lang='grc' dir='ltr'><em>φησίν</em></span> <span class='ocrx_word' id='word_1_244' title='bbox 696 3505 738 3583; x_wconf 87' lang='lat' dir='ltr'><em>(v.</em></span> <span class='ocrx_word' id='word_1_245' title='bbox 755 3508 847 3581; x_wconf 79' lang='lat'>272)·</span> 
     </span>
    </p>

    <p class='ocr_par' dir='ltr' id='par_1_11' title="bbox 431 3603 1092 3691">
     <span class='ocr_line' id='line_1_30' title="bbox 431 3603 1092 3691; baseline 0 -21"><span class='ocrx_word' id='word_1_246' title='bbox 431 3604 568 3689; x_wconf 87' lang='grc' dir='ltr'><em>γούνατί</em></span> <span class='ocrx_word' id='word_1_247' title='bbox 591 3604 624 3669; x_wconf 78' lang='grc' dir='ltr'><em>οἱ</em></span> <span class='ocrx_word' id='word_1_248' title='bbox 647 3609 752 3691; x_wconf 69' lang='grc' dir='ltr'><em>σκαιῷ</em></span> <span class='ocrx_word' id='word_1_249' title='bbox 774 3603 896 3670; x_wconf 81' lang='grc' dir='ltr'><em>ττελάει</em></span> <span class='ocrx_word' id='word_1_250' title='bbox 918 3610 972 3685; x_wconf 85' lang='lat'><em>(=</em></span> <span class='ocrx_word' id='word_1_251' title='bbox 987 3607 1092 3683; x_wconf 86' lang='lat' dir='ltr'>XXI).</span> 
     </span>
    </p>

    <p class='ocr_par' dir='ltr' id='par_1_12' title="bbox 221 3703 1258 3997">
     <span class='ocr_line' id='line_1_31' title="bbox 221 3703 974 3790; baseline -0.004 -16"><span class='ocrx_word' id='word_1_252' title='bbox 221 3710 280 3775; x_wconf 83' lang='grc' dir='ltr'><em>καὶ</em></span> <span class='ocrx_word' id='word_1_253' title='bbox 305 3703 351 3785; x_wconf 80' lang='grc' dir='ltr'><em>ιὺς</em></span> <span class='ocrx_word' id='word_1_254' title='bbox 373 3706 432 3774; x_wconf 76' lang='grc' dir='ltr'><em>ἐστὶ</em></span> <span class='ocrx_word' id='word_1_255' title='bbox 454 3709 514 3772; x_wconf 91' lang='grc' dir='ltr'><em>τού</em></span> <span class='ocrx_word' id='word_1_256' title='bbox 536 3711 695 3790; x_wconf 82' lang='grc' dir='ltr'><em>Περσέως</em></span> <span class='ocrx_word' id='word_1_257' title='bbox 717 3712 759 3787; x_wconf 84' lang='grc' dir='ltr'><em>(ν.</em></span> <span class='ocrx_word' id='word_1_258' title='bbox 777 3711 974 3785; x_wconf 80' lang='grc'>254-255)·</span> 
     </span>
     <span class='ocr_line' id='line_1_32' title="bbox 434 3804 1258 3896; baseline -0.005 -22"><span class='ocrx_word' id='word_1_259' title='bbox 434 3804 508 3894; x_wconf 85' lang='grc' dir='ltr'><em>άγχι</em></span> <span class='ocrx_word' id='word_1_260' title='bbox 531 3809 567 3873; x_wconf 83' lang='grc' dir='ltr'><em>δέ</em></span> <span class='ocrx_word' id='word_1_261' title='bbox 590 3809 623 3873; x_wconf 81' lang='grc' dir='ltr'><em>οἱ</em></span> <span class='ocrx_word' id='word_1_262' title='bbox 647 3814 763 3896; x_wconf 87' lang='grc' dir='ltr'><em>σκαιῆς</em></span> <span class='ocrx_word' id='word_1_263' title='bbox 786 3807 996 3893; x_wconf 73' lang='grc' dir='ltr'><em>ἐπιγουνίδος</em></span> <span class='ocrx_word' id='word_1_264' title='bbox 1017 3804 1125 3895; x_wconf 71' lang='grc' dir='ltr'><em>ῆλιδα</em></span> <span class='ocrx_word' id='word_1_265' title='bbox 1148 3811 1258 3872; x_wconf 77' lang='grc' dir='ltr'><em>στᾶσαι</em></span> 
     </span>
     <span class='ocr_line' id='line_1_33' title="bbox 431 3908 817 3997; baseline 0 -21"><span class='ocrx_word' id='word_1_266' title='bbox 431 3908 603 3997; x_wconf 76' lang='grc' dir='ltr'><em>Πληιάδες</em></span> <span class='ocrx_word' id='word_1_267' title='bbox 627 3915 817 3996; x_wconf 88' lang='grc' dir='ltr'><em>φορέονται.</em></span> 
     </span>
    </p>
   </div>
   <div class='ocr_carea' id='block_1_6' title="bbox 222 4049 1460 4305">
    <p class='ocr_par' dir='ltr' id='par_1_13' title="bbox 222 4049 1460 4305">
     <span class='ocr_line' id='line_1_34' title="bbox 316 4049 1459 4137; baseline -0.003 -20"><span class='ocrx_word' id='word_1_268' title='bbox 316 4069 327 4117; x_wconf 92' lang='grc'>1</span> <span class='ocrx_word' id='word_1_269' title='bbox 348 4059 441 4137; x_wconf 85' lang='grc' dir='ltr'><em>τούτῳ</em></span> <span class='ocrx_word' id='word_1_270' title='bbox 458 4061 597 4116; x_wconf 69' lang='lat' dir='ltr'>Patavina:</span> <span class='ocrx_word' id='word_1_271' title='bbox 616 4066 704 4119; x_wconf 84' lang='grc' dir='ltr'><em>τοῦτο</em></span> <span class='ocrx_word' id='word_1_272' title='bbox 720 4061 753 4127; x_wconf 88' lang='lat' dir='ltr'><em>L,</em></span> <span class='ocrx_word' id='word_1_273' title='bbox 772 4061 915 4118; x_wconf 72' lang='lat' dir='ltr'>roosocV</span> <span class='ocrx_word' id='word_1_274' title='bbox 935 4064 944 4129; x_wconf 83' lang='grc' dir='ltr'><em>ΙΙ</em></span> <span class='ocrx_word' id='word_1_275' title='bbox 964 4067 978 4114; x_wconf 82' lang='grc'>2</span> <span class='ocrx_word' id='word_1_276' title='bbox 996 4059 1027 4117; x_wconf 82' lang='grc' dir='ltr'><em>ἐν</em></span> <span class='ocrx_word' id='word_1_277' title='bbox 1049 4061 1169 4132; x_wconf 80' lang='grc' dir='ltr'><em>γούνασι</em></span> <span class='ocrx_word' id='word_1_278' title='bbox 1186 4060 1234 4112; x_wconf 88' lang='lat' dir='ltr'><em>LV</em></span> <span class='ocrx_word' id='word_1_279' title='bbox 1251 4061 1261 4125; x_wconf 72' lang='lat' dir='ltr'><em>ti</em></span> <span class='ocrx_word' id='word_1_280' title='bbox 1279 4049 1459 4128; x_wconf 67' lang='grc' dir='ltr'><em>εύλύγοιςλίίλ</em></span> 
     </span>
     <span class='ocr_line' id='line_1_35' title="bbox 224 4136 1459 4219; baseline -0.005 -16"><span class='ocrx_word' id='word_1_281' title='bbox 224 4155 239 4203; x_wconf 83' lang='grc'>5</span> <span class='ocrx_word' id='word_1_282' title='bbox 258 4154 326 4217; x_wconf 85' lang='lat' dir='ltr'>post</span> <span class='ocrx_word' id='word_1_283' title='bbox 339 4147 371 4204; x_wconf 81' lang='grc' dir='ltr'><em>ἐν</em></span> <span class='ocrx_word' id='word_1_284' title='bbox 382 4149 502 4219; x_wconf 83' lang='grc' dir='ltr'><em>γούνασι</em></span> <span class='ocrx_word' id='word_1_285' title='bbox 521 4148 652 4216; x_wconf 84' lang='lat' dir='ltr'>expunxit</span> <span class='ocrx_word' id='word_1_286' title='bbox 670 4163 739 4215; x_wconf 86' lang='lat' dir='ltr'>quae</span> <span class='ocrx_word' id='word_1_287' title='bbox 758 4145 882 4214; x_wconf 89' lang='lat' dir='ltr'>primitus</span> <span class='ocrx_word' id='word_1_288' title='bbox 901 4147 960 4214; x_wconf 88' lang='lat' dir='ltr'>ipsc</span> <span class='ocrx_word' id='word_1_289' title='bbox 978 4146 1126 4213; x_wconf 83' lang='lat' dir='ltr'>scripserat</span> <span class='ocrx_word' id='word_1_290' title='bbox 1144 4139 1179 4200; x_wconf 80' lang='grc' dir='ltr'><em>τά</em></span> <span class='ocrx_word' id='word_1_291' title='bbox 1193 4139 1264 4199; x_wconf 70' lang='grc' dir='ltr'><em>ἄλλα</em></span> <span class='ocrx_word' id='word_1_292' title='bbox 1284 4136 1372 4198; x_wconf 85' lang='grc' dir='ltr'><em>αύτοῦ</em></span> <span class='ocrx_word' id='word_1_293' title='bbox 1387 4142 1459 4214; x_wconf 85' lang='grc' dir='ltr'><em>μέρη</em></span> 
     </span>
     <span class='ocr_line' id='line_1_36' title="bbox 222 4225 1460 4305; baseline -0.006 -16"><span class='ocrx_word' id='word_1_294' title='bbox 222 4235 313 4305; x_wconf 87' lang='grc' dir='ltr'><em>φησίν</em></span> <span class='ocrx_word' id='word_1_295' title='bbox 331 4232 354 4285; x_wconf 89' lang='lat' dir='ltr'>L</span> <span class='ocrx_word' id='word_1_296' title='bbox 373 4234 382 4300; x_wconf 82' lang='grc' dir='ltr'><em>ΙΙ</em></span> <span class='ocrx_word' id='word_1_297' title='bbox 401 4236 417 4286; x_wconf 89' lang='grc'><strong>6</strong></span> <span class='ocrx_word' id='word_1_298' title='bbox 434 4230 482 4288; x_wconf 80' lang='grc' dir='ltr'><em>ἐπὶ</em></span> <span class='ocrx_word' id='word_1_299' title='bbox 503 4231 579 4300; x_wconf 87' lang='lat' dir='ltr'>prius</span> <span class='ocrx_word' id='word_1_300' title='bbox 597 4231 621 4285; x_wconf 88' lang='lat' dir='ltr'>L</span> <span class='ocrx_word' id='word_1_301' title='bbox 638 4234 648 4300; x_wconf 73' lang='grc' dir='ltr'><em>ΙΙ</em></span> <span class='ocrx_word' id='word_1_302' title='bbox 668 4226 811 4287; x_wconf 79' lang='grc' dir='ltr'><em>πλειόνων</em></span> <span class='ocrx_word' id='word_1_303' title='bbox 829 4248 871 4286; x_wconf 88' lang='lat' dir='ltr'><em>cm</em></span> <span class='ocrx_word' id='word_1_304' title='bbox 890 4230 913 4282; x_wconf 87' lang='lat' dir='ltr'>L</span> <span class='ocrx_word' id='word_1_305' title='bbox 929 4234 938 4297; x_wconf 69' lang='lat' dir='ltr'>ss</span> <span class='ocrx_word' id='word_1_306' title='bbox 958 4227 990 4285; x_wconf 83' lang='grc' dir='ltr'><em>ἐν</em></span> <span class='ocrx_word' id='word_1_307' title='bbox 1012 4225 1115 4301; x_wconf 86' lang='grc' dir='ltr'><em>γόνασι</em></span> <span class='ocrx_word' id='word_1_308' title='bbox 1134 4228 1155 4280; x_wconf 92' lang='lat' dir='ltr'>L</span> <span class='ocrx_word' id='word_1_309' title='bbox 1173 4231 1182 4296; x_wconf 72' lang='lat' dir='ltr'><em>il</em></span> <span class='ocrx_word' id='word_1_310' title='bbox 1204 4232 1217 4279; x_wconf 78' lang='lat' dir='ltr'>t</span> <span class='ocrx_word' id='word_1_311' title='bbox 1237 4229 1306 4299; x_wconf 86' lang='grc' dir='ltr'><em>φησί</em></span> <span class='ocrx_word' id='word_1_312' title='bbox 1323 4228 1348 4283; x_wconf 87' lang='lat' dir='ltr'>V</span> <span class='ocrx_word' id='word_1_313' title='bbox 1366 4229 1376 4296; x_wconf 88' lang='grc' dir='ltr'><em>ΙΙ</em></span> <span class='ocrx_word' id='word_1_314' title='bbox 1396 4231 1410 4281; x_wconf 82' lang='grc'>8</span> <span class='ocrx_word' id='word_1_315' title='bbox 1427 4226 1460 4299; x_wconf 84' lang='grc' dir='ltr'><em>γε’</em></span> 
     </span>
    </p>
   </div>
   <div class='ocr_carea' id='block_1_7' title="bbox 221 4307 1306 4449">
    <p class='ocr_par' dir='ltr' id='par_1_14' title="bbox 221 4307 1306 4449">
     <span class='ocr_line' id='line_1_37' title="bbox 221 4307 1306 4433; baseline -0.008 -58"><span class='ocrx_word' id='word_1_316' title='bbox 221 4339 273 4388; x_wconf 85' lang='grc' dir='ltr'><em>μιν</em></span> <span class='ocrx_word' id='word_1_317' title='bbox 292 4317 315 4370; x_wconf 92' lang='lat' dir='ltr'>L</span> <span class='ocrx_word' id='word_1_318' title='bbox 339 4319 349 4386; x_wconf 73' lang='grc' dir='ltr'><em>ΙΙ</em></span> <span class='ocrx_word' id='word_1_319' title='bbox 371 4322 387 4372; x_wconf 88' lang='grc'><strong>9</strong></span> <span class='ocrx_word' id='word_1_320' title='bbox 409 4307 551 4374; x_wconf 82' lang='grc' dir='ltr'><em>σκέπτετο</em></span> <span class='ocrx_word' id='word_1_321' title='bbox 569 4317 593 4370; x_wconf 92' lang='lat' dir='ltr'>L</span> <span class='ocrx_word' id='word_1_322' title='bbox 615 4318 624 4384; x_wconf 89' lang='grc' dir='ltr'><em>ΙΙ</em></span> <span class='ocrx_word' id='word_1_323' title='bbox 648 4322 678 4371; x_wconf 88' lang='grc'><em>10</em></span> <span class='ocrx_word' id='word_1_324' title='bbox 697 4317 767 4387; x_wconf 86' lang='grc' dir='ltr'><em>φησί</em></span> <span class='ocrx_word' id='word_1_325' title='bbox 784 4316 816 4370; x_wconf 88' lang='lat' dir='ltr'><em>V.</em></span> <span class='ocrx_word' id='word_1_326' title='bbox 1291 4400 1306 4433; x_wconf 68' lang='grc'>*</span> 
     </span>
     <span class='ocr_line' id='line_1_38' title="bbox 1270 4402 1284 4449; baseline 0 0"><span class='ocrx_word' id='word_1_327' title='bbox 1270 4402 1284 4449; x_wconf 82' lang='grc'>5</span> 
     </span>
    </p>
   </div>
   <div class='ocr_carea' id='block_1_8' title="bbox 0 0 1592 5160">
    <p class='ocr_par' dir='ltr' id='par_1_15' title="bbox 0 0 1592 5160">
     <span class='ocr_line' id='line_1_39' title="bbox 0 0 1592 5160; baseline 0 0"><span class='ocrx_word' id='word_1_328' title='bbox 0 0 1592 5160; x_wconf 95' lang='lat' dir='ltr'><em> </em></span> 
     </span>
    </p>
   </div>
  </div>
 </body>
</html>
