3174 5160
210 349 272 406 366
751 349 903 404 ARATEA

301 525 438 589 Tantum
461 522 502 586 de
527 522 697 604 excerptis.
742 522 810 586 Iam
834 543 911 588 vero
927 524 1125 606 tentandum,
1149 531 1184 589 nt
1205 530 1270 592 tres
1290 516 1443 592 ‘Ganobi'

214 626 391 692 versiculos
406 645 427 688 a
443 623 609 705 Stephano
625 624 760 689 traditos
776 624 944 691 videamus
965 645 1028 708 quo
1044 628 1235 709 pertineant.
1266 628 1308 692 Et
1322 629 1446 710 primus

212 729 341 811 quidem
366 726 407 790 de
424 725 531 790 herois
547 726 683 793 fortasse
706 746 798 792 sacro
813 727 934 792 dictum
951 729 1012 792 erit
1026 727 1139 811 Steph.
1163 749 1188 794 a.
1205 750 1235 793 v.
1260 724 1446 811 Κόρινθος]

213 881 245 895 ..
269 831 323 893 καὶ
348 826 510 891 σύνθετον
534 820 801 913 κορινθιουργής,
832 822 878 902 οἷς
907 820 1130 915 άττικουργης.
1175 821 1445 906 Ἀπολλώνιοςὸ

209 927 332 1007 Ῥόδιος
346 920 542 1012 ‘Kanaites'
559 933 830 1014 «κορινθιουργές
846 925 917 992 ἐστι
927 928 1048 994 κιόνων
1065 933 1203 1018 σχῆμα».
1234 932 1318 998 Nam
1334 952 1446 997 monu-

213 1042 358 1100 mentum
382 1032 505 1097 Canohi
529 1033 562 1096 in
586 1052 625 1097 ea
647 1032 761 1114 insula,
785 1033 836 1097 oni
860 1032 989 1098 dedisse
1012 1053 1129 1098 nomen
1151 1035 1322 1116 terebatur,
1349 1035 1446 1100 exsti-

212 1137 291 1201 tisee
314 1135 395 1200 etin
411 1134 511 1216 ipsius
527 1134 692 1216 Apollonii
709 1134 831 1216 eclogia
847 1141 879 1199 et
893 1135 926 1198 in
943 1135 1111 1220 Dionysio,
1128 1136 1299 1219 Periegeta
1314 1134 1445 1218 Phario,

213 1259 243 1302 v.
262 1240 300 1301 13
333 1237 463 1318 legitur:
494 1237 568 1300 «καὶ
598 1237 735 1316 τέμενος
765 1239 973 1315 περίπυστον
1001 1229 1217 1317 Ἀμυκλαίοιο
1247 1235 1446 1317 Κανώβου».

213 1339 345 1405 Ceteros
376 1358 488 1404 versus
515 1338 558 1403 ad
587 1338 713 1402 stellam
743 1343 911 1402 ranarum
942 1339 1056 1404 ducem
1080 1327 1121 1404 ab
1144 1340 1296 1424 Aegypto
1319 1345 1445 1422 septen·

213 1442 349 1506 trionem
373 1460 485 1506 verena
509 1441 541 1504 in
564 1441 729 1521 regionem
746 1439 907 1504 Rhodiam
934 1441 1131 1505 vectantium
1154 1449 1302 1523 spectare
1325 1440 1444 1506 dixeri·

214 1564 296 1609 mus:
321 1543 432 1626 Steph.
457 1563 481 1606 s.
505 1564 536 1606 v.
556 1536 661 1625 χώρα]
686 1590 717 1604 ..
740 1545 893 1626 χωρίτης,
918 1536 963 1616 ὡς
986 1534 1056 1605 άπό
1079 1544 1139 1606 τοῦ
1160 1540 1240 1624 ἕδρα
1262 1539 1395 1629 ἑδρίτης
1412 1591 1446 1607 ..

213 1647 269 1709 καὶ
292 1639 519 1718 Ἀπολλώνιος
542 1641 575 1707 ἒν
598 1645 646 1726 τη]
666 1634 856 1725 ‘Itorvoiltrgr'¹

418 1767 537 1848 τέρψει
561 1762 596 1826 δὲ
620 1763 706 1846 νηῶν
729 1756 746 1825 ὁ
771 1760 888 1845 γλυκύς
911 1784 948 1825 σε
968 1767 1111 1847 χωρίτης

418 1863 524 1941 πλόος
545 1861 687 1945 κομίζων
711 1863 802 1949 δῶρα
824 1865 989 1928 πλουσίου
1014 1865 1148 1928 Νείλου.

213 1989 393 2069 «χωρίτης»
410 1986 548 2066 codices,
565 1984 750 2050 emendavit
765 1983 925 2062 Meineke,
942 1985 1090 2066 quamvis
1105 2004 1195 2050 auam
1211 1987 1281 2068 ipse
1294 1985 1446 2051 emenda·

213 2089 332 2152 tionem
355 2089 449 2153 nobis
472 2087 600 2152 videtur
622 2106 686 2151 non
708 2092 795 2152 recte
811 2086 1038 2167 interpretatus
1061 2105 1141 2152 ease.
1176 2090 1321 2171 χωρίτης
1334 2079 1446 2152 ‘terre-

213 2180 300 2255 stris'
327 2190 493 2272 oppositus
516 2189 546 2252 ei
569 2194 633 2270 est,
660 2188 715 2270 qui
739 2188 874 2252 inmari
897 2196 1052 2253 versatur.
1095 2188 1128 2254 Is
1150 2189 1248 2271 igitur
1270 2207 1367 2271 quem
1390 2188 1445 2254 de-

213 2291 311 2356 lectat
340 2285 357 2354 ὃ
387 2287 504 2373 γλυκὺς
531 2294 673 2374 χωρίτης
702 2287 808 2364 πλόος
836 2287 978 2371 κομίζων
1007 2288 1098 2375 δῶρα
1127 2290 1291 2354 πλουσίου
1320 2290 1446 2355 Νείλου

212 2393 346 2474 navigat
375 2412 480 2476 neque
509 2395 695 2457 immoratur
725 2393 757 2456 in
786 2401 871 2457 terra
899 2393 1047 2476 amplius.
1093 2391 1176 2459 Hinc
1204 2393 1360 2458 Meinekii
1390 2413 1445 2457 ex·

212 2496 418 2578 plicationem
443 2496 592 2559 aberrare
615 2515 636 2556 a
657 2494 885 2576 probabilitate
909 2495 1084 2560 iudicabis:
1117 2490 1304 2556 Oblectabit
1325 2495 1366 2565 te,
1391 2490 1447 2554 in-

212 2594 306 2680 qnit,
337 2595 376 2658 in
398 2592 594 2658 continenti
619 2591 735 2656 littore
757 2599 950 2656 versantem
979 2593 1135 2658 vacanda
1161 2592 1306 2656 naviam
1329 2599 1446 2656 trans-

212 2696 318 2760 vectio
339 2696 425 2759 Nili
450 2698 640 2781 adportans
668 2716 825 2758 manera.
875 2695 1079 2759 Describara
1112 2683 1268 2759 vr‘a'atar
1284 2694 1451 2758 Canobici

213 2797 339 2862 ostiam
356 2804 573 2884 prospectam
597 2795 820 2880 navigiorum
842 2797 1093 2861 transvectione
1109 2803 1198 2881 praa
1220 2798 1341 2860 caterio
1362 2797 1451 2862 Nili

213 2899 554 2985 ostiisfraqnantati.
596 2900 631 2962 V.
648 2897 806 2962 Straban.
816 2904 853 2982 p.
871 2904 942 2960 801.
973 2902 1008 2966 Si
1024 2904 1095 2984 quia
1111 2905 1291 2985 «χοιρίνης»
1307 2903 1446 2969 retinere

214 3007 373 3089 maluerit,
398 3008 424 3070 ia
445 3010 589 3088 χωρίτην
612 3004 728 3081 πλοῦν,
753 3023 824 3068 eum
849 3007 903 3085 qui
926 3006 957 3066 in
980 3005 1056 3069 Nilo
1078 3004 1122 3086 fit,
1146 3010 1290 3087 opponat
1311 3023 1446 3070 necesse

214 3116 262 3172 eat
284 3108 333 3190 τη]
356 3108 537 3191 θαλασσίῳ
561 3113 593 3171 et
615 3106 656 3171 de
680 3104 802 3172 Oanohi
826 3107 945 3188 cogitet
967 3126 1030 3171 non
1053 3107 1147 3172 stella
1168 3107 1227 3173 sed
1250 3125 1390 3189 persona
1412 3107 1446 3171 in

214 3211 292 3274 urhe
317 3212 507 3292 cognomine
531 3209 711 3274 constituta.

216 3463 291 3515 locos
310 3462 391 3523 (unde
410 3462 476 3513 nihil
494 3460 593 3525 discas)
606 3460 746 3514 Noackius
765 3451 1075 3526 indicavit‘lliuperris'.
1090 3459 1186 3513 Giasae
1201 3463 1276 3526 1890,
1294 3474 1321 3526 p.
1336 3462 1369 3512 93
1381 3459 1445 3514 adn.

214 3547 338 3600 Fabulae
355 3546 469 3599 formam
489 3560 558 3614 quae
583 3545 656 3614 apud
674 3545 841 3598 Hecataeum
859 3544 950 3607 fuerit,
970 3544 1103 3598 Dialeoiun
1117 3536 1257 3598 ‘Hermes'
1277 3547 1342 3597 1887
1362 3558 1446 3612 quae·

213 3632 281 3686 sivit.
300 3661 334 3670 -
353 3631 429 3684 Diaei
447 3631 502 3684 ictu
522 3631 640 3684 Menelai
664 3631 745 3696 culpa
767 3631 896 3684 occubuit
918 3629 1055 3683 Heraclidi
1078 3629 1276 3697 leschographo
1302 3628 1444 3683 Canobus:

213 3716 286 3785 quod
305 3715 340 3769 ad
352 3716 498 3784 Hyacinthi
512 3717 664 3783 exemplum
676 3718 804 3768 novatum
819 3729 879 3768 esre
892 3714 957 3766 vidit
970 3709 1223 3768 Meinekius‘Anal.
1237 3708 1325 3768 Alex!
1342 3732 1370 3784 p.
1385 3717 1445 3770 380.

215 3833 243 3840 —
265 3802 340 3869 Quae
358 3802 403 3854 Et.
423 3800 460 3851 M.
480 3817 501 3853 s.
514 3817 538 3855 v.
559 3795 658 3868 Φάρος
676 3800 786 3853 tradidit
803 3794 830 3862 (ὃ
850 3799 879 3855 δὲ
894 3788 982 3872 Ὦρος
999 3799 1087 3870 λέγει,
1113 3790 1157 3854 ὅτι
1182 3802 1218 3867 τῇ
1241 3801 1338 3877 Καρίην
1356 3820 1446 3873 προσ-

214 3885 391 3951 πλεύσαντος
417 3879 595 3956 Άλεξάνδρου
613 3879 628 3955 ἡ
644 3880 739 3955 Ἑλένη
763 3881 919 3955 παρεκάλει
945 3879 1046 3955 Φάρον
1069 3879 1131 3940 τινὰ
1149 3881 1340 3957 κυβερνήτην,
1360 3889 1446 3953 Κᾶρα

214 3976 255 4045 τῷ
273 3968 363 4042 γένει,
388 3974 526 4025 διασῶσαι
549 3964 637 4039 αὐτὴν
655 3970 695 4034 εἰς
712 3970 932 4036 Λακεδαίμονα·
956 3973 1005 4024 καὶ
1028 3972 1133 4025 τοῦτον
1151 3963 1338 4043 άναλαβόντα
1358 3964 1447 4041 αὐτὴν

214 4051 410 4129 άπορριφῆναι
433 4055 473 4120 εἰς
492 4051 650 4125 Αίγυπτον·
670 4049 741 4109 ἔνθα
760 4046 812 4108 ὑπ’
837 4049 931 4124 ὄφεως
950 4049 1093 4125 πληγέντα
1112 4047 1282 4112 άποθανεῐν.
1319 4050 1445 4128 θάψασα

214 4134 243 4195 δ’
263 4134 352 4196 αὐτὸν
370 4133 425 4195 ἀπ’
445 4136 535 4196 αὐτοῦ
555 4138 657 4212 Φάρον
675 4132 837 4205 ω’νόμασεν)
862 4139 971 4207 dempta
990 4140 1100 4193 Canobo
1124 4139 1202 4192 etad
1220 4139 1338 4194 Pharum
1356 4143 1446 4194 trane·

214 4227 271 4279 lata
289 4225 421 4278 videntur.
458 4224 587 4278 Fortasse
605 4240 665 4278 cum
683 4224 843 4292 Etymologo
861 4224 992 4278 Aelianus
1007 4218 1053 4276 Ἤ.
1066 4216 1110 4276 A?
1128 4222 1168 4275 IX
1188 4239 1246 4292 cap.
1261 4229 1291 4278 hl
1313 4233 1340 4278 et
1358 4224 1445 4294 Hery-

215 4309 291 4363 chins
310 4325 331 4362 s.
351 4327 374 4363 v.
389 4303 515 4366 Ἑλένιον
534 4307 678 4377 copulandi
697 4317 768 4362 aunt.
805 4308 846 4363 ef.
866 4309 1027 4365 Wellmaun.
1045 4324 1072 4376 p.
1087 4312 1145 4360 343.
