3174 5160
314 849 317 854 Δ
373 812 621 915 Epimetrum
647 811 712 894 lV:
748 813 800 894 lle
826 812 997 913 picturis
1024 812 1191 895 Arateis.

254 1003 404 1068 Diximus
420 1002 462 1067 do
477 1002 610 1085 picturis
622 1002 749 1067 Arateis
765 1000 839 1066 adn.
854 1005 903 1064 17.
930 1000 997 1066 Sed
1012 1002 1137 1067 interea
1151 1003 1267 1085 obtigit
1282 1002 1401 1068 biblio·

168 1104 283 1171 thecae
306 1104 501 1170 Basileensis
523 1103 729 1182 liberalitate,
752 1110 787 1167 ut
802 1102 987 1168 Germanici
1006 1110 1151 1171 vetustus
1174 1105 1278 1170 codex
1302 1107 1339 1169 A.
1358 1105 1401 1169 N.

167 1208 213 1272 IV
232 1209 269 1270 18
299 1204 596 1289 Gryphiswaldiam
629 1205 722 1270 nobis
753 1204 1035 1270 transmitteretur:
1069 1205 1155 1272 unde
1189 1205 1230 1271 de
1263 1206 1401 1288 picturis

168 1309 295 1373 Arateis
311 1327 457 1390 promere
469 1306 625 1372 nonnulla
643 1306 822 1389 statuimus,
838 1325 879 1371 ne
894 1312 1031 1390 pergant
1046 1306 1117 1372 sive
1133 1307 1165 1371 in
1180 1308 1272 1372 libris
1287 1327 1402 1372 manu·

168 1409 295 1492 scriptis
319 1410 419 1474 latere
441 1409 511 1473 sivo
533 1408 566 1472 in
589 1407 735 1489 Hugonis
758 1407 861 1474 Grotii
883 1409 986 1483 (cuius
1016 1408 1121 1475 codex
1144 1409 1285 1476 nondum
1308 1409 1402 1475 inno·

168 1511 240 1585 tuit)
254 1503 478 1594 ‘Syntagmate
495 1501 639 1590 Arateo’,
663 1528 794 1591 perraro
810 1511 903 1591 libro,
921 1510 1119 1576 obscuratae.
1158 1512 1198 1577 Et
1213 1532 1253 1577 ea
1267 1510 1403 1593 quidem

170 1614 321 1696 exempla
343 1612 553 1692 Basileensia,
577 1630 659 1693 quae
676 1611 818 1677 Zodiaco
834 1612 1011 1677 inserviunt
1025 1612 1235 1694 inlustrando,
1259 1615 1315 1677 vix
1338 1612 1403 1676 dif-

168 1715 276 1780 ferunt
290 1714 418 1797 apiotis
430 1711 638 1777 calendariis:
656 1712 730 1778 vide
746 1713 981 1795 Straygowskii
996 1712 1114 1778 librum
1133 1707 1210 1781 ‘Die
1225 1713 1402 1780 Galender-

170 1818 275 1882 bilder
298 1816 355 1882 des
372 1814 645 1898 Chronographen
661 1836 735 1881 vom
749 1814 850 1882 Jahre
866 1805 942 1879 354‘
969 1815 1112 1881 Berolini
1130 1818 1211 1881 1888
1234 1816 1401 1882 emissum.

168 1921 206 1985 In
228 1920 343 1986 ceteris
360 1936 488 2001 quoque
502 1917 598 1982 facile
614 1916 831 1999 indagaveris,
855 1936 938 2000 quae
961 1924 1105 1983 evetere
1127 1919 1205 1983 artis
1221 1917 1401 1983 conforma·

168 2023 257 2087 tione
281 2021 451 2103 desumpta
473 2019 545 2083 sint.
584 2017 735 2085 Omnium
751 2039 828 2085 vero
844 2019 1099 2085 luculentissima
1113 2019 1291 2101 Ingeniculi
1308 2018 1401 2084 Basi-

169 2123 289 2190 leensis
312 2123 437 2205 pictura
465 2127 514 2186 est
535 2121 706 2187 Herculem
730 2123 956 2206 exprimentis,
980 2121 1055 2185 dum
1079 2141 1217 2204 anguem
1240 2119 1401 2202 interficit,

168 2226 202 2290 in
226 2226 388 2291 sinistrum
411 2242 495 2306 genu
512 2224 708 2307 prolapsum.
747 2223 878 2289 Vasouli
902 2223 1060 2306 Cyrenaei
1083 2222 1298 2305 antiquissimi
1321 2224 1401 2287 ima-

169 2329 278 2410 ginem
309 2326 425 2391 intueri
454 2325 547 2389 nobis
576 2324 781 2390 videbamur:
813 2325 853 2390 of.
877 2323 1095 2390 Studniczkae
1115 2313 1272 2406 ‘Kyrene'
1299 2345 1331 2408 p.
1348 2327 1400 2389 33.

169 2428 334 2493 Nonnulla
367 2427 563 2508 picturarum
593 2427 826 2492 Basileensium
856 2426 1008 2509 exempla
1040 2432 1109 2491 arte
1142 2426 1403 2510 photographica

170 2527 430 2595 nobisreddidit
450 2535 601 2612 prompta
623 2529 787 2594 voluntate
811 2528 920 2593 Victor
943 2526 1080 2592 Schulae
1102 2529 1246 2610 conlega.
1294 2529 1401 2612 Exop-

170 2640 274 2698 tamus
303 2630 524 2711 vehementer,
554 2637 589 2694 ut
618 2635 738 2711 quanta
766 2628 968 2694 calendariis
998 2636 1088 2693 tanta
1116 2631 1243 2695 Arateis
1266 2632 1401 2712 picturis

170 2753 246 2799 mox
269 2754 344 2799 cura
359 2733 568 2814 impertiatur.
608 2732 816 2796 Enumeravit
832 2731 1015 2796 Germanici
1031 2731 1160 2797 codices
1182 2732 1285 2814 pictos
1301 2732 1401 2816 Brey·

170 2837 271 2918 sigius
294 2836 327 2899 in
346 2827 562 2899 ‘Arateorum’
594 2833 804 2916 praefatione.
846 2833 926 2898 Item
956 2828 1165 2918 ζωγράφους,
1189 2834 1244 2917 qui
1266 2836 1401 2899 multum

169 2936 329 3021 sphaerae
350 2937 489 3001 Arateae
504 2938 697 3015 nocuissent,
721 2934 896 3000 identidem
918 2954 975 3017 per
990 2937 1126 3000 Arateas
1142 2935 1264 3001 litteras
1288 2938 1400 3001 memi-

170 3039 275 3103 nimus
303 3039 528 3112 momoratos.¹)
573 3038 720 3121 Denique
749 3038 783 3101 in
812 3038 893 3102 libro
917 3035 1100 3102 Germanici
1127 3034 1303 3102 Matritensi
1326 3057 1400 3103 cum

171 3146 279 3206 cetera
294 3158 459 3205 monemus
482 3148 549 3206 tum
564 3141 760 3222 Antigonum
777 3158 886 3221 regem
904 3141 1001 3202 Arato
1023 3138 1227 3219 scriptionem
1241 3130 1400 3205 ‘Phaeno-

171 3231 350 3308 menorum’
378 3240 622 3307 demandantem
648 3240 790 3323 conspici
813 3247 893 3306 teste
916 3238 1041 3305 Bethio.
1088 3239 1135 3305 cf.
1158 3260 1255 3323 supra
1277 3241 1297 3305 l.
1322 3262 1348 3306 c.

260 3425 278 3485 ¹)
295 3423 496 3492 Exscripsimus
515 3426 655 3492 potissima
668 3419 875 3478 ‘Analectorum
894 3416 1179 3478 Eratosthenicorum'
1197 3440 1224 3492 p.
1238 3427 1319 3493 33sq.
