3174 5160
168 364 231 424 320
708 364 860 418 ARATEA

170 540 244 606 tos?
287 538 378 617 Quae
401 560 472 604 cunr
496 541 541 602 ita
563 540 634 620 sint,
659 540 690 602 in
712 536 757 602 Co
781 539 886 603 insula
908 540 1028 619 scripta
1051 556 1121 603 esse
1142 526 1398 601 ‘Phaenomena'

173 648 205 706 ct
227 661 334 707 coram
357 641 523 706 sodalibus
546 641 731 705 solemniter
753 641 888 704 recitata
911 638 1094 715 efficitur.³⁴)

690 815 885 825 a————

257 947 399 1010 Instituit
413 946 545 1010 Aratum
568 947 664 1011 rebus
686 948 910 1012 astronomicis
932 945 1206 1012 Amsnornnuus.
1244 945 1309 1011 Ubi
1332 964 1403 1010 ern·

170 1049 289 1113 diverit
317 1049 391 1127 Iste,
425 1067 464 1112 ne
499 1068 581 1113 nunc
611 1049 742 1131 quidem
771 1055 917 1132 apertum
947 1055 1004 1113 est.
1035 1048 1159 1113 -Possis
1182 1049 1267 1112 enim
1290 1046 1331 1111 de
1356 1047 1404 1112 Co

172 1151 324 1232 cogitare,
339 1151 444 1234 possis
460 1149 501 1214 de
517 1149 619 1215 Solis:
642 1150 754 1231 quidni
776 1151 808 1213 in
824 1149 939 1214 Cilicia
955 1152 1225 1215 Arusnornnanu
1241 1149 1405 1214 audiverit

172 1251 313 1317 Aratus?
335 1249 542 1317 Theocritum
559 1254 771 1317 consulamus.
807 1250 869 1328 Qui
885 1253 931 1315 ita
947 1251 987 1315 de
1002 1253 1113 1333 Arato,
1129 1273 1201 1317 cum
1218 1251 1305 1334 apud
1319 1250 1404 1317 (loos

173 1353 314 1436 degeret,
338 1355 481 1417 narravit
500 1346 753 1437 ‘Thalysiorum'
779 1375 809 1419 v.
827 1357 867 1418 98
880 1372 967 1436 sqq.:

300 1463 430 1555 th'potcog
454 1465 499 1548 δ’,
523 1466 540 1535 d
565 1470 606 1535 τὰ
630 1472 742 1536 πάντα
766 1473 965 1558 φιλαίτατος
988 1463 1081 1551 ἀνέρι
1104 1471 1201 1558 τήνῳ,

300 1570 424 1649 παιδὸς
446 1568 513 1637 ὑπὸ
538 1572 777 1657 σπλάγχνοισιν
801 1573 866 1654 ἔχει
889 1573 1013 1638 πόθον.
1060 1569 1149 1638 οἶδεν
1171 1577 1370 1654 ΑΡΙΣΤΙΣ,

300 1674 424 1750 ἐσθλὸς
447 1669 538 1759 ἀνήρ,
562 1674 635 1758 μέγ’
663 1670 809 1762 ἄριστος,
833 1673 871 1739 ὃν
894 1668 971 1739 οὐδέ
993 1699 1047 1740 κεν
1071 1670 1171 1753 αὐτὸς
1194 1670 1320 1742 ἀείδειν
1372 1686 1376 1693 “

303 1782 430 1859 Φοῖβος
452 1776 511 1841 σὺν
535 1775 695 1863 φόρμιγγι
719 1775 813 1861 παρὰ
836 1775 1035 1860 τριπόδεσσι
1057 1783 1219 1864 μεγαίροι,

300 1875 346 1954 ὡς
370 1877 403 1943 ἐκ
424 1876 550 1954 παιδὸς
572 1873 712 1961 Ἄρατος
735 1873 796 1943 ὑπ)
824 1872 940 1945 ὀστέον
964 1872 1077 1943 αἲθετ’
1104 1878 1214 1967 ἔρωτι.

170 2002 369 2064 ΑΡΙΣΤΙΝ
390 2019 501 2064 verum
523 2001 620 2065 amici
635 2001 726 2065 Arati
748 2020 864 2064 nomen
887 2001 987 2064 fuisse
1009 2018 1040 2081 p.
1054 2002 1116 2064 232
1133 2001 1404 2081 intelleximus³⁵),

173 2102 231 2168 sed
254 2123 272 2167 e
295 2102 471 2183 composito
494 2101 693 2166 decurtatum
719 2123 806 2167 more
830 2112 991 2167 consueto.
1031 2099 1133 2178 Quem
1150 2109 1240 2185 patet
1254 2105 1287 2167 in
1303 2104 1403 2187 Apol·

172 2205 269 2269 linem
293 2223 421 2269 carmen
444 2205 513 2268 sive
536 2205 679 2268 carmina
701 2206 863 2286 punxisse.
900 2204 938 2267 Id
955 2222 1031 2268 vcro
1055 2223 1118 2268 non
1142 2206 1324 2270 necessario
1346 2225 1406 2289 per

172 2326 206 2370 se
231 2306 360 2388 quidem
384 2307 542 2388 poscitur,
572 2313 607 2369 ut
629 2307 699 2387 ipso
722 2315 839 2388 poetae
862 2307 916 2370 ille
940 2296 1032 2387 quasi
1056 2326 1187 2371 munere
1209 2307 1296 2389 apud
1320 2306 1405 2374 coos

172 2409 225 2473 vel
248 2409 327 2472 alibi
350 2408 475 2472 functus
498 2408 548 2472 sit.
591 2407 673 2472 Nam
697 2415 729 2472 et
751 2411 869 2473 Aratus
891 2418 988 2490 poeta
1009 2410 1237 2489 grammaticus
1260 2417 1405 2476 astrono-

174 2529 244 2574 mus
260 2510 404 2574 mcdicus
427 2516 495 2573 erat
513 2514 546 2574 et
560 2509 671 2574 Nicias
687 2510 831 2575 Milesius
853 2517 951 2592 poeta
973 2510 1115 2576 medicus
1139 2519 1171 2576 et
1186 2510 1406 2577 Callimachus

174 2612 357 2677 Zenodotus
373 2611 572 2676 Menecrates
588 2611 732 2676 Rhianus
747 2617 864 2694 poetae
886 2613 1097 2694 grammatici,
1120 2614 1198 2677 item
1220 2613 1287 2678 alii.
1319 2614 1405 2696 Ergo

173 2715 315 2778 Amsnnr
336 2713 428 2777 Arati
450 2714 588 2777 amicum
612 2713 813 2795 eundemque
836 2722 965 2797 poetam
988 2715 1030 2778 ab
1056 2722 1239 2781 astronomo
1262 2717 1406 2782 Amsuo·

173 2831 287 2880 nunno
316 2823 525 2897 praeceptore
555 2816 679 2896 seiungi
708 2834 772 2879 non
801 2835 897 2899 posse
922 2823 1081 2898 putamus.
1126 2815 1254 2880 Novum
1276 2825 1406 2899 poetam

175 2917 354 2998 gaudemus
376 2919 503 2999 poetico
520 2916 657 2982 Gocrum
681 2917 837 2982 sodalicio
860 2918 1048 2982 retributum
1072 2938 1152 2984 esse.
1188 2917 1275 2982 Fieri
1298 2928 1406 3002 queat,

173 3027 209 3083 ut
237 3019 419 3085 N1cunnna
448 3020 692 3084 mathematicus
721 3018 957 3103 Colophonius,
991 3019 1032 3084 de
1065 3039 1128 3101 quo
1163 3018 1256 3085 huius
1290 3022 1407 3104 capitis

174 3122 332 3203 principio
356 3121 477 3187 dictum
501 3129 559 3202 cst,
582 3121 668 3204 apud
686 3118 769 3186 Coos
793 3121 941 3186 hahuerit
960 3141 1031 3186 cum
1048 3123 1146 3186 Arato
1170 3122 1407 3189 convictionem

175 3229 208 3287 et
229 3225 444 3289 astronomiae
468 3225 592 3306 etipse
615 3223 703 3305 apud
717 3225 989 3289 Amsnommnnn
1012 3223 1177 3288 studuerit.
1216 3225 1408 3291 Accuratins

176 3344 253 3390 vero
269 3324 424 3390 Meinekii
449 3325 604 3390 beneficio
628 3334 660 3390 et
682 3327 828 3390 acumine
852 3326 892 3390 de
908 3329 1123 3390 Annxnunno
1138 3326 1279 3392 Annono
1299 3327 1407 3393 edocti

175 3446 294 3492 sumus.
330 3425 393 3503 Qui
409 3447 481 3492 cum
497 3429 529 3491 in
545 3426 698 3509 Daphnin
714 3427 865 3491 cecinerit
880 3427 993 3505 (schol.
1005 3428 1114 3492 Ambr.
1131 3427 1266 3492 Theocr.
1280 3428 1357 3492 VIII
1367 3431 1407 3510 1),

175 3529 235 3593 sub
259 3530 363 3610 Tityri
387 3531 516 3593 nominc
539 3531 571 3592 in
592 3529 757 3610 Thalysiis
781 3528 950 3594 delitescit.
996 3529 1071 3592 Erat
1093 3530 1189 3610 igitur
1212 3549 1283 3594 cum
1306 3530 1408 3595 Arato

177 3663 379 3673 --——

263 3729 296 3791 ³⁴)
314 3728 411 3781 Musae
429 3731 502 3796 apud
520 3729 590 3782 Coos
616 3731 718 3783 cultae:
741 3722 847 3782 ‘Rerue
869 3728 916 3781 des
941 3729 1037 3782 etudes
1060 3723 1204 3797 grecqnes'
1225 3732 1287 3783 1891
1309 3745 1334 3797 p.
1348 3733 1408 3796 361,

171 3806 403 3880 ‘Mittheilnngen’
425 3817 488 3868 1891
508 3830 534 3882 p.
548 3818 606 3866 406.
644 3814 717 3866 ldem
743 3814 838 3867 titulus
856 3814 884 3866 in
902 3813 941 3867 00
968 3813 1058 3866 insula
1075 3820 1201 3882 repertus
1227 3814 1261 3867 de
1288 3814 1408 3882 speculis

177 3903 320 3963 (σκοπαῖς)
339 3899 469 3952 nonnulla
488 3900 570 3951 habet
583 3900 616 3952 ad
629 3899 812 3952 observandos
824 3899 942 3966 thynnos
961 3899 999 3951 ibi
1017 3898 1123 3952 erectis.
1154 3898 1232 3965 Quod
1250 3899 1284 3952 ad
1297 3914 1409 3954 carmen

177 3983 315 4037 Theocriti
334 3984 443 4037 tertium
455 3984 629 4037 admovemus
647 4000 670 4037 v.
686 3988 719 4036 26
736 3984 848 4048 θύννως
860 3983 1048 4050 σκοπιάζεται
1063 3978 1184 4049 'cantet
1204 3980 1327 4056 γριπεύς,
1346 4000 1409 4038 cum

179 4068 345 4121 uritzsehius
364 4070 392 4120 et
409 4068 527 4121 Hillerus
547 4068 580 4120 de
599 4067 690 4121 Sicilia
716 4068 888 4135 cogitandum
907 4071 942 4122 ob
961 4070 1077 4136 thynnos
1101 4085 1160 4123 esse
1178 4069 1320 4122 edixerint.
1356 4069 1408 4123 Vel

178 4152 263 4220 Tityri
282 4167 400 4220 persona
418 4159 509 4221 (quam
527 4153 615 4206 induit
633 4152 786 4206 Alexander
805 4156 928 4218 Aetolus)
946 4154 1057 4217 suadet,
1076 4161 1107 4207 ut
1124 4155 1261 4222 regionem
1280 4152 1408 4208 carmInis

176 4236 248 4302 apud
268 4237 337 4291 Coos
356 4253 526 4305 quaeramus.

263 4323 295 4384 ³³)
314 4323 354 4375 Of.
375 4323 471 4376 Hilleri
491 4324 622 4376 adnotata
640 4324 674 4375 ad
694 4323 719 4374 h.
738 4323 755 4376 l.
