3174 5160
168 366 230 426 322
706 365 859 420 ARATEA

170 538 395 621 ἐλάχιστον
418 529 1119 626 μέροςξυμβάλλεταιάστρονομίη
1136 535 1400 624 έςίητρικήν,

169 634 272 705 ἀλλὰ
306 639 413 704 πάνυ
445 640 655 704 πλεῖστον.
701 630 770 720 άμα
799 636 861 724 γὰρ
891 642 986 724 τῇσιν
1008 637 1115 725 ιῖίρῃοι
1137 640 1192 704 καί
1216 638 1251 703 αλ
1274 639 1403 702 κοιλίαι

168 742 435 827 μεταβάλλονται
458 754 566 806 τοῖσιν
593 734 839 821 άνθρώνιοιοιν.
864 776 904 787 —-
1272 742 1275 747 ’

254 879 458 944 Revertimur
486 877 527 942 ad
555 877 755 943 sodalicium.
801 878 958 943 Rmnnus
980 884 1078 961 poeta
1100 876 1261 944 Cretensis
1285 897 1401 961 puero·

168 1002 238 1046 rum
262 980 463 1062 quorundam
485 980 715 1044 formositatem
740 980 860 1044 lascive
884 979 1013 1060 quidem
1038 978 1096 1044 sed
1119 979 1228 1063 lepide
1251 980 1345 1045 simul
1368 987 1402 1045 et

169 1091 280 1148 ornate
304 1081 476 1164 descripsit
497 1086 532 1144 ut
554 1082 674 1146 assolet
693 1074 803 1144 ‘Anth.
822 1071 898 1144 Pal?
925 1078 989 1144 XII
1007 1082 1048 1144 93
1073 1084 1114 1163 (p.
1133 1083 1193 1145 207
1214 1075 1400 1147 ‘Analecta

168 1175 252 1249 rum'
279 1182 461 1256 Meinekiil:

303 1319 344 1385 Ολ
368 1318 487 1394 παῖδες
511 1311 715 1400 λαβύρινθος
739 1309 907 1393 άνέξοδος·
930 1310 951 1402 ᾗ
973 1313 1036 1403 γὰρ
1060 1306 1100 1381 άν
1123 1311 1215 1400 άμμα

372 1421 486 1506 ῥίψῃς,
510 1415 555 1494 ὠς
579 1417 639 1502 ίξῴ
661 1421 759 1483 τοῦτο
783 1423 1070 1503 ιιροοαμντέχεται.

295 1525 335 1609 τῇ
358 1519 502 1606 μὲνγὰρ
528 1520 703 1603 Θεόδωρος
727 1514 800 1604 άγει
823 1522 903 1585 rauel
927 1525 1032 1585 ντίονα
1055 1520 1177 1607 σαρκός

374 1617 479 1708 ἆκμὴν
501 1625 555 1687 καὶ
579 1630 681 1708 γυίων
705 1618 812 1698 άνθος
835 1615 1025 1708 άκηράοιον,

297 1730 337 1813 τῇ
362 1726 397 1790 δὲ
423 1726 659 1810 Φιλοκλῆος
678 1726 815 1808 χρύσεον
839 1724 950 1810 ῥέθος,
973 1716 1052 1788 ὅστε
1074 1717 1156 1789 καθ’
1182 1717 1270 1810 λ’ψος

372 1821 410 1893 οὗ
433 1831 544 1910 μέγας,
569 1820 705 1912 οὐρανίη
730 1820 762 1890 d’
791 1820 1004 1913 άμφιτέθηλε
1023 1825 1130 1909 χάρις.

295 1919 334 2018 ἢν
357 1923 388 1994 d'
416 1929 474 1994 ἐπὶ
496 1934 678 1994 Λεπτίνεω
702 1928 853 2015 στρέψῃς
873 1928 984 2010 δέμας,
1009 1922 1117 1994 οὐκέτι
1139 1942 1216 2013 yolo

372 2031 525 2118 κινήσεις,
550 2023 660 2116 άλύτῳ
685 2024 715 2094 δ’
742 2026 786 2108 ὡς
810 2026 978 2112 ἀδάμαντι
999 2035 1110 2112 μένεις
1132 2025 1217 2097 κτλ).

168 2188 274 2272 Ipsius
291 2187 424 2252 Veneris
447 2185 590 2269 epitheto
613 2187 748 2250 solemni
768 2177 925 2250 ‘auream’
952 2185 1105 2251 Philoclis
1127 2186 1399 2269 pulchritudinem

168 2291 325 2356 Rmnnus
353 2296 388 2353 ut
417 2288 531 2353 extulit
558 2288 691 2370 cupide,
726 2288 772 2352 ita
799 2307 970 2370 puerorum
999 2288 1102 2353 amori
1131 2295 1164 2353 et
1192 2289 1400 2356 admirationi

169 2392 299 2456 omnino
334 2391 494 2456 ferebatur
526 2389 654 2455 deditus
688 2390 770 2454 inter
798 2409 918 2471 paucos
946 2411 985 2454 ao
1014 2391 1186 2456 studiosus.
1235 2389 1400 2459 Philocles

54 2502 57 2507 '
170 2514 246 2558 vero
263 2494 360 2558 etiam
376 2495 474 2557 Arato
488 2499 555 2557 erat
571 2493 603 2554 in
619 2491 755 2573 deliciis,
772 2500 804 2556 ct
819 2493 1009 2575 provocavit
1023 2493 1079 2557 ille
1095 2492 1137 2557 ad
1153 2494 1278 2575 experti
1294 2495 1400 2560 cuius·

169 2595 243 2660 dam
274 2595 389 2660 iudicis
418 2595 608 2658 sententiam
637 2593 846 2659 iocabundus.
890 2591 953 2672 Qui
984 2593 1079 2660 homo
1108 2595 1219 2659 Arctoi
1248 2597 1400 2662 carminis

171 2717 201 2780 p.
218 2699 280 2761 230
296 2696 450 2778 adscripti
467 2694 578 2759 codice
595 2696 742 2759 Palatino
760 2715 929 2778 perperam
948 2703 1080 2760 vocatur
1095 2693 1276 2782 Πριηνεύςε
1300 2697 1400 2764 immo

168 2801 333 2883 proprium
363 2818 479 2863 nomen
512 2799 713 2879 requirimus.
759 2797 799 2860 Et
827 2806 998 2880 postquam
1026 2806 1117 2863 aetas
1140 2799 1269 2864 limam
1297 2818 1401 2882 nuper

169 2901 212 2967 ad
240 2903 382 2984 priorum
412 2901 669 2965 Ptolemaeorum
700 2908 825 2983 tempus
855 2899 991 2964 feliciter
1021 2907 1135 2965 evecta
1164 2900 1269 2980 est⁸⁷),
1302 2901 1400 2967 facile

168 3004 252 3069 facto
274 3005 417 3086 periculo
437 2996 560 3088 Ῥιηνός
588 3002 830 3086 reposuimus³⁸l
860 3002 1022 3085 ionice³⁹)‚
1048 3010 1157 3085 utpote
1187 3005 1219 3066 in
1242 3005 1400 3069 sermonis

169 3108 266 3172 ionici
288 3114 446 3189 poemate,
469 3125 508 3170 ac
530 3124 724 3187 provocasse
740 3107 875 3168 Aratum
895 3105 948 3169 vel
970 3105 1153 3187 respexisse
1175 3106 1400 3170 existimamus

168 3209 210 3273 ad
232 3211 304 3292 ipsa
326 3208 383 3272 illa
399 3209 527 3272 Rarum
548 3207 589 3272 de
606 3206 753 3272 Philocle
776 3205 882 3270 effata.
892 3207 924 3282 ⁴⁰)
954 3205 990 3270 Si
1013 3206 1124 3271 licebit
1145 3207 1288 3289 proferre
1312 3227 1400 3288 gres·

58 3307 61 3315 ⁴
167 3330 236 3375 sum
266 3320 298 3374 et
328 3309 536 3373 Philinum
570 3305 627 3372 τὸν
660 3305 838 3388 μαλθακόν
867 3309 958 3372 Arati
992 3309 1024 3372 in
1051 3299 1240 3390 ‘Thalysiis'
1271 3328 1400 3376 amores

168 3421 307 3477 statuere
336 3432 356 3474 a
379 3410 570 3475 Philocle
599 3431 662 3476 non
692 3411 854 3476 diversum
882 3411 981 3491 (quod
1011 3430 1070 3493 per
1098 3411 1236 3476 nominis
1264 3411 1400 3477 formam

256 3663 288 3727 ³⁷)
307 3661 528 3716 Wilamowitzius
542 3656 651 3730 ‘Eurip
671 3654 815 3716 Herakles'
834 3661 846 3712 l
865 3677 892 3729 p.
907 3665 982 3714 310⁸⁰
1007 3661 1179 3728 (obloquente
1206 3660 1367 3715 Susemlhlio
1387 3662 1399 3715 l

168 3765 194 3815 p.
208 3749 313 3811 sacua.

254 3849 286 3912 38)
305 3848 391 3917 Saepe
410 3845 520 3914 Ῥιανός
547 3857 704 3919 corruptum
731 3848 798 3902 abiit
824 3850 852 3902 in
882 3842 1026 3921 Ξίρριανός
1052 3850 1093 3903 vel
1118 3842 1243 3919 Ἀριανός
1267 3847 1333 3901 alia:
1362 3848 1398 3902 cf.

169 3934 296 3987 Meinekii
314 3935 451 4002 syllogam.

256 4037 288 4101 ³⁹)
307 4058 324 4091 α
344 4036 477 4105 producto
495 4036 579 4088 utitur
597 4034 732 4103 Meleager
746 4031 842 4092 ‘Anth.
860 4030 924 4089 Pal'
937 4038 975 4090 lV
991 4043 1012 4100 l,
1028 4043 1073 4091 ll:
1092 4033 1245 4106 σάμψνχον
1262 4028 1317 4107 ἀφ’
1336 4029 1399 4092 cido

169 4119 273 4177 νινόοιο
288 4117 407 4178 Ῥιανοῦ.

256 4227 290 4287 ⁴⁰)
307 4224 398 4276 Etiam
416 4223 564 4277 Diotimum
580 4227 689 4291 poetam
708 4221 899 4289 epigrammate
916 4224 1018 4277 Aratus
1037 4223 1254 4277 commemorarit
1271 4228 1307 4291 (p.
1322 4227 1398 4290 299):

171 4310 203 4362 et'.
224 4308 445 4362 Wilamouritzius
464 4308 500 4362 ib.
520 4309 532 4361 1
550 4325 576 4376 p.
591 4309 674 4363 310'⁸.
