3174 5160
449 370 522 426 VIII.
543 370 593 425 DE
611 370 681 426 000
700 369 903 426 POETARUM
920 368 1123 426 sonun1o1o.
1342 369 1402 429 321

173 545 256 610 Inter
285 543 415 611 sodales
443 545 616 611 bucolicos.
660 543 751 610 Idem
774 545 992 609 Anuxnunrrrr
1014 543 1160 608 versibus
1183 543 1252 608 sive
1277 540 1404 606 Φαινό-

172 667 257 728 μενα
280 647 350 712 sive
373 647 459 730 Περὶ
481 646 541 710 τοῦ
562 642 671 710 πόλου
700 647 828 730 scripsit
857 650 939 728 (cap.
955 644 1003 709 III
1025 665 1050 710 0.
1067 647 1119 720 a).
1164 644 1248 710 Hinc
1270 644 1406 728 adparet

171 750 417 816 munaus
442 768 570 832 quoque
592 748 808 813 astronomiae
836 765 967 830 operam
997 746 1169 812 navavisse
1192 780 1233 790 -
1255 752 1405 828 putamus

171 851 259 935 apud
275 851 545 917 Anmrornunuu
559 850 651 915 Arati
666 850 863 931 magistrum.
902 845 1024 926 Quodsi
1048 848 1177 912 ineunte
1200 848 1293 913 terti0
1316 846 1405 912 efflo-

171 953 237 1017 ruit-
258 958 334 1017 aute
353 950 428 1018 Ohr.
451 952 580 1018 saeculo
603 949 715 1017 000010
736 957 989 1016 astronomorum
1010 949 1043 1013 iu
1059 948 1104 1014 00
1127 949 1242 1030 insula,
1265 950 1404 1031 vestigia

172 1055 271 1119 etiam
293 1053 464 1136 postmodo
486 1053 634 1119 crederes
663 1072 735 1118 esse
765 1052 878 1118 relicta
906 1071 945 1116 00
973 1051 1162 1117 memoriam
1190 1052 1404 1117 manifestam.

171 1155 328 1221 Redimus
357 1152 524 1238 igitur'ad
550 1154 730 1220 Ptolemaei
759 1152 948 1219 laterculum
974 1173 1005 1236 p.
1024 1154 1090 1216 14¹¹
1113 1173 1177 1218 non
1206 1154 1285 1219 satis
1317 1160 1404 1219 recte

172 1262 342 1322 00000000]
372 1256 496 1341 (Lydus
515 1250 579 1323 ‘De
602 1247 756 1323 Osteutis'
784 1276 815 1338 p.
833 1258 895 1319 259
918 1254 1106 1330 Wachsm.):
1139 1245 1314 1338 ἀνέγραψα
1343 1250 1404 1330 τὰς

172 1355 403 1442 ἐπισημασίας
434 1359 490 1423 καὶ
523 1356 686 1434 κατέταξα
716 1355 801 1422 κατά
833 1381 870 1421 τε
897 1356 1110 1440 Αἰγυπτίους
1137 1357 1194 1420 καὶ
1221 1359 1403 1421 Δωσίθεον

173 1459 353 1525 Φίλιππον
379 1457 584 1523 Κάλλιππον
607 1452 801 1546 Εὐκτήμονα
825 1462 973 1523 Μέτωνα
1000 1456 1141 1523 Κόνωνα
1171 1457 1403 1544 Μητρόδωρον

172 1557 319 1637 Εὔδοξον
348 1565 504 1643 Καίσαρα
526 1559 737 1646 Δημόκριτον
760 1558 954 1642 Ἵππαρχον.
998 1558 1125 1624 τούτων
1156 1559 1192 1624 δὲ
1213 1558 1404 1643 Αἰγύπτιοι

171 1661 336 1750 ἐτήρησαν
358 1654 442 1745 παρ’
468 1657 556 1749 ήμῑν,
578 1663 816 1727 [terrenos
837 1662 872 1726 δὲ
896 1661 929 1727 ἓν
953 1663 1142 1749 Κολωνείᾳ,
1169 1664 1346 1739 Φίλιππος
1369 1661 1402 1728 ἐν

171 1762 422 1851 Πελοποννήσῳ
437 1767 494 1830 καὶ
505 1764 653 1848 Λοκρίδι
669 1767 724 1830 καὶ
738 1764 878 1844 Φωκίδι,
895 1765 1100 1840 Κάλλιππος
1116 1762 1149 1828 ἒν
1162 1759 1402 1850 Ἑλλησπόντῳ,

170 1873 297 1932 Μέτων
319 1868 374 1931 καὶ
398 1859 579 1952 Εὐκτήμων
592 1860 757 1952 Ἀθήνησι
778 1868 835 1932 καὶ
857 1879 932 1942 ταῖς
955 1865 1105 1932 Κυκλάσι
1127 1868 1181 1932 καὶ
1205 1867 1402 1955 Μακεδονίᾳ

170 1973 225 2034 καὶ
251 1967 381 2056 Θρᾴκῃ,
417 1967 534 2034 Κόνων
564 1967 600 2032 δὲ
628 1970 684 2033 καὶ
713 1967 945 2054 Μητρόδωρος
973 1966 1007 2032 ἐν
1026 1961 1151 2055 Ἰταλίᾳ
1179 1971 1233 2034 καὶ
1257 1972 1401 2057 Σικελίᾳ,

170 2067 319 2148 Εὔδοξος
340 2067 375 2135 ἒν
397 2062 509 2156 Ἀσίᾳ,
539 2076 672 2154 Καῖσαρ
702 2067 736 2135 ἐν
758 2071 893 2156 Σικελία
920 2072 977 2134 καὶ
994 2063 1134 2156 Ἰταλίη,
1157 2061 1342 2155 Ἵππαρχος
1370 2069 1403 2136 ἐν

171 2177 331 2260 Βιθυνίᾳ,
353 2171 565 2259 Δημόκριτος
588 2168 622 2236 ἐν
637 2171 834 2258 Μακεδονία
855 2174 912 2237 καὶ
930 2170 1051 2258 Θρᾴκῃ.
1097 2174 1160 2240 Pro
1178 2173 1403 2260 «Κολωνείη»,

171 2278 257 2360 quod
288 2275 383 2341 nihili
412 2283 476 2356 est,
499 2275 727 2341 Bouaventura
756 2277 928 2341 translator
950 2296 968 2340 0
991 2275 1104 2341 codice
1126 2295 1210 2340 nuuc
1232 2276 1402 2361 deperdito
1440 2271 1444 2280 “

169 2379 418 2446 assentientibus
448 2375 616 2443 Boeckhio
646 2385 678 2442 et
700 2376 941 2444 Wachsmuthio
971 2378 1094 2443 invenit
1123 2379 1234 2460 «Κῷ».
1279 2377 1402 2455 Quodsi

171 2480 370 2547 Dosrrnuus
391 2480 425 2544 iu
448 2478 494 2544 00
517 2479 623 2544 insula
646 2480 881 2563 observItabat,
910 2480 956 2544 ibi
985 2478 1119 2544 durasse
1147 2488 1400 2546 astronomorum

170 2581 314 2652 scholam
346 2589 378 2646 et
404 2581 608 2665 disciplinam
631 2582 701 2646 sive
723 2581 764 2646 00
788 2583 1029 2648 001000000οο
1053 2582 1123 2646 sive
1145 2583 1210 2646 iam
1232 2589 1307 2648 aute
1329 2603 1401 2649 eum

169 2689 314 2766 apertam
343 2685 547 2766 perspicuum
578 2682 677 2759 est³⁰l
726 2685 774 2748 Ac
804 2685 856 2748 vel
890 2684 931 2748 de
960 2686 1175 2750 astronomiae
1203 2683 1290 2767 apud
1318 2682 1401 2751 0000

170 2785 270 2850 initiis
293 2785 368 2850 sciri
389 2793 524 2869 possunt
538 2787 746 2851 accuratiora.
785 2783 903 2861 Quinto
926 2786 1010 2851 euim
1033 2794 1120 2852 certe
1142 2787 1272 2852 saeculo
1295 2786 1401 2868 siguo-

170 2905 238 2950 rum
263 2886 452 2953 caelestium
475 2889 691 2969 coguitionem
714 2907 735 2952 a
756 2888 890 2953 medicis
913 2886 988 2954 Cois
1011 2889 1109 2954 fuisse
1133 2889 1294 2954 excultam
1317 2887 1401 2953 0000

171 2987 386 3071 Hippocrates
400 2987 498 3055 fidem
512 2989 592 3055 facit
609 2982 674 3055 ‘De
689 2991 817 3055 aeribus
833 2991 926 3072 aquis
942 2980 1035 3055 locis'
1062 3009 1089 3054 0.
1106 2993 1125 3052 2
1140 2988 1185 3072 (p.
1198 2991 1238 3053 58
1255 2987 1400 3065 Reiulr.):

171 3085 272 3164 εἰδώς.
290 3084 353 3172 γάρ
375 3091 442 3153 τών
465 3083 578 3174 ώρέων
599 3087 661 3167 τὰς
682 3087 869 3172 μεταβολάς
898 3091 953 3152 καὶ
984 3091 1050 3152 τών
1080 3084 1211 3173 άστρων
1241 3086 1401 3166 ἐπιτολάς

170 3193 283 3256 τεκαὶ
306 3188 439 3276 δύσιας,
461 3190 587 3257 καθότι
610 3191 747 3258 ἕκαστον
769 3190 896 3256 τοότων
917 3197 1073 3276 γίγνεται,
1101 3191 1273 3276 προειδείη
1298 3180 1338 3255 δν
1360 3188 1398 3257 τό

173 3291 254 3371 ἔτος,
279 3286 392 3358 όκοῖόν
414 3319 448 3359 τι
469 3284 583 3376 μέλλει
606 3299 793 3379 γίγνεσθαι.
838 3284 943 3368 οὕτως
966 3287 1006 3356 όν
1028 3317 1080 3370 τις
1103 3290 1322 3374 ἐρευνώμενος
1344 3296 1400 3358 καὶ

171 3387 428 3480 προγιγνώσκων
450 3392 528 3471 τοὺς
550 3393 685 3480 καιροὺς
707 3388 842 3478 μάλιστ’
871 3384 910 3459 δν
939 3394 1041 3481 εἰδείη
1072 3396 1152 3479 περὶ
1178 3393 1318 3460 ἑκάστου
1345 3398 1399 3460 καὶ

171 3493 211 3560 τὰ
239 3496 384 3562 πλεῖστα
414 3496 568 3581 τυγχάνοι
600 3500 660 3580 τής
692 3494 817 3584 όγιείης
845 3500 901 3562 καὶ
930 3489 1004 3561 κατ’
1036 3489 1144 3580 ὀρθόν
1173 3502 1312 3583 φίροιτα
1342 3490 1400 3561 οὐκ

171 3593 327 3680 ἐλάχιστα
343 3595 376 3663 ἐν
391 3602 432 3686 τῇ
447 3604 552 3685 τέχνῃ.
588 3597 621 3663 εἰ
640 3599 681 3664 δὲ
705 3598 843 3664 δοκέοι
866 3623 929 3674 τις
951 3607 1083 3662 ταῦτα
1105 3599 1397 3683 μετεωρολόγα

172 3695 297 3780 εἶναι,
330 3706 562 3786 μετασταίη
600 3689 645 3765 δν
672 3709 742 3787 τῆς
770 3700 945 3787 γνώμης,
980 3699 1016 3764 εἰ
1044 3699 1194 3781 μάθοι,
1229 3695 1295 3766 ότι
1329 3695 1399 3767 οὐκ

255 3989 287 4052 ”l
305 3987 396 4044 Possit
414 3989 458 4042 hic
476 3987 624 4042 Dositheus
642 3989 665 4042 is
683 4003 744 4041 esse
762 3988 808 4055 qui
819 3987 981 4041 mentionem
994 3988 1072 4040 Arati
1090 3988 1287 4056 1000401590.
1318 3986 1398 4054 Quod

172 4086 229 4126 sero
245 4074 447 4143 perspeximus,
467 4073 590 4142 quamvis
608 4088 642 4126 ue
660 4087 733 4126 nunc
758 4072 864 4140 quidem
887 4072 974 4126 omnis
993 4076 1087 4140 erepta
1105 4072 1183 4125 nobis
1202 4073 1237 4125 sit
1254 4072 1396 4127 dubitatio,

173 4155 295 4211 ceterum
313 4157 407 4212 eodem
424 4159 482 4213 tere
501 4168 630 4226 tempore,
649 4173 701 4225 quc
722 4157 867 4211 Dositheus
885 4157 959 4224 apud
977 4157 1047 4211 0000
1066 4156 1237 4222 observabat,
1256 4157 1398 4212 Heroudas

171 4240 266 4296 ibidem
279 4236 428 4298 ‘astrorum
442 4234 642 4312 speculatores'
661 4240 880 4295 commemoravit
892 4241 932 4295 III
944 4246 1036 4309 53sq.:
1056 4238 1108 4306 τὰς
1125 4238 1251 4314 ἑβδόμας
1268 4239 1299 4300 τ’
1317 4241 1397 4312 άμει·

172 4343 221 4380 νον
239 4323 352 4394 εἰκάδας
368 4323 398 4384 τ’
417 4325 476 4386 οἶδε
493 4332 553 4384 τών
570 4320 769 4398 άστροδιφέων
786 4333 865 4395 (puer
883 4327 1037 4389 maleficus).

218 4411 326 4467 Philolog.
339 4414 539 4465 Untsrsuohungeu
551 4412 604 4454 XII.
1211 4416 1241 4466 21
