3166 5166
163 357 224 418 328
703 355 857 412 ARATEA

164 532 237 598 cula
265 530 459 597 Theocritea
488 550 647 597 venenum
678 531 862 612 quaesitura
890 538 939 597 est
966 530 1008 602 (II
1032 551 1062 596 v.
1088 535 1175 607 159):
1206 531 1335 612 magiae
1365 539 1398 596 et

163 631 321 699 veneficio
344 632 520 715 astrologia
542 631 715 706 sociata⁶¹).

362 1323 611 1428 upimotmm
638 1323 674 1412 1:
701 1323 754 1407 De
781 1323 996 1448 Menecrate
1018 1323 1198 1428 Ephesio.

253 1533 371 1598 Aratus
388 1553 417 1596 v.
435 1535 496 1594 257
513 1531 554 1596 de
568 1529 737 1595 Pliadibus
760 1525 954 1613 ἑπτάποροι
977 1528 1027 1617 δή,
1051 1532 1163 1615 iuquit,
1187 1535 1303 1614 ταίγε
1325 1524 1397 1614 μετ’

166 1625 372 1715 ἀνθρώπους
394 1627 558 1697 ὑδέονται.
602 1631 732 1716 Septem
756 1632 926 1697 mulierum
949 1633 1080 1698 nomina
1101 1632 1187 1698 unde
1209 1633 1401 1716 aeeepisset,

166 1757 229 1801 non
252 1737 321 1802 sine
343 1736 413 1802 veri
436 1735 545 1819 speeie
568 1740 708 1799 statuere
726 1734 819 1800 nobis
836 1733 1027 1800 videbamur
1043 1755 1112 1818 eap.
1129 1735 1184 1800 VI.
1208 1731 1403 1819 ἑπτάποροι

166 1837 362 1903 adieetivum
396 1837 559 1903 insolitum
593 1855 663 1902 eum
695 1835 772 1900 item
806 1835 847 1901 de
876 1835 1044 1902 Pliadibus
1073 1836 1284 1903 celeberrimo
1313 1837 1403 1920 apud

166 1947 367 2005 astronomos
404 1940 476 2004 loeo
507 1928 660 2002 ‘Rhesus'
697 1936 1008 2021 pseudoeuripideus
1042 1936 1163 2004 habeat
1194 1961 1225 2005 v.
1256 1942 1317 2002 527
1332 1960 1402 2022 sqq.

164 2045 256 2117 τίνος
279 2034 300 2104 ά
324 2037 475 2124 φαλακά,·
496 2043 549 2113 τίς
572 2031 704 2120 ἀμείβει
725 2032 786 2100 τὰν
809 2034 910 2119 ἐμάνς
933 2040 1052 2122 πρῶτα
1074 2038 1189 2104 δύεται
1205 2051 1328 2126 σημεῖα
1344 2043 1398 2104 καὶ

168 2141 362 2226 ἑπτάποροι
384 2139 551 2216 Πλειάδες
575 2139 739 2222 αἰθέριαι,
762 2142 848 2220 μέσα
872 2137 903 2203 δ’
925 2138 1054 2216 Αἰετός
1077 2133 1219 2224 οὐρανοῦ
1241 2144 1402 2208 ποτᾶται.

167 2244 316 2328 ἔγρεσθε,
340 2247 374 2307 τί
396 2238 532 2326 μέλλετε
555 2245 612 2309 vix
634 2244 765 2310 dubium
790 2243 867 2323 quin
891 2263 909 2307 e
929 2235 1065 2309 ‘Rheso'
1091 2244 1172 2309 illud
1193 2246 1313 2312 Aratus
1335 2266 1401 2311 mn-

167 2354 273 2413 tuatus
295 2345 376 2422 sit-*J
412 2346 477 2410 Diu
499 2367 539 2412 ao
553 2347 688 2411 multum
703 2344 802 2410 iidem
821 2336 946 2410 ‘Rhesi'
967 2365 1079 2412 versus
1102 2352 1135 2411 et
1156 2347 1348 2431 interpretes
1371 2355 1404 2413 et

169 2450 306 2515 lectores
343 2450 574 2515 cruciaverunt.
631 2447 727 2513 Velut
758 2446 990 2512 Munncsnnns
1026 2446 1107 2512 illud
1141 2450 1303 2516 nascentis
1337 2450 1402 2515 diei

168 2551 295 2634 signum
317 2541 463 2624 t‘Rheso'
489 2557 524 2615 ut
545 2556 694 2634 putamus
718 2549 884 2623 invitatus)
916 2551 1067 2616 traetavit
1098 2551 1218 2616 alieubi
1246 2550 1349 2618 sohel.
1371 2552 1403 2616 II

167 2673 199 2736 p.
217 2655 288 2734 341,
307 2657 407 2716 7-11
427 2652 534 2718 Sehw.
571 2653 637 2714 τῶν
661 2651 738 2734 περὶ
756 2651 1093 2715 ΜΕΝΕΚΡΑΤΗΝ
1113 2648 1146 2714 ἓν
1162 2649 1330 2734 Διδύμοις
1345 2649 1402 2716 τὸν

167 2746 264 2840 ἥλιον
288 2752 457 2836 λεγόντων,
482 2749 515 2816 ἒν
538 2744 565 2836 ᾦ
587 2748 629 2814 τὰ
651 2753 710 2836 τῆς
731 2749 967 2828 καταστάσεως
989 2754 1055 2817 τῶν
1077 2757 1291 2839 φαινομένων
1307 2744 1402 2829 ὅπως

170 2854 237 2936 ἕχει
270 2854 489 2940 πράκειταά),
525 2852 609 2918 εἰσὶν
639 2851 673 2917 οἵ
702 2874 788 2938 φασι
816 2855 896 2936 περὶ
929 2849 991 2928 τὰς
1024 2850 1165 2935 ἐσχάτας
1193 2860 1316 2938 μοίρας
1343 2856 1402 2920 τοῦ

171 2963 337 3041 Καρκίνου
366 2951 453 3021 εἶναι
479 2954 556 3020 τότε
584 2953 643 3019 τὸν
671 2952 766 3039 ἥλιον
794 2947 880 3019 κτλ).
926 2956 1155 3022 contendimus
1186 2958 1269 3024 hune
1296 2960 1403 3049 ipsum

170 3081 243 3128 esse
266 3060 442 3144 Ephesium
466 3059 720 3140 Munnosnnnn,
743 3058 835 3123 Arati
856 3066 1108 3142 praeceptorem.
1154 3056 1217 3137 Qui
1245 3066 1278 3126 et
1299 3081 1403 3143 gram·

170 3163 307 3229 matious
337 3169 406 3227 erat
432 3161 547 3240 (Suid.)
577 3167 610 3226 et
637 3167 735 3244 poeta
764 3161 888 3243 epious:
923 3161 1028 3242 Etym.
1052 3162 1159 3244 Magn.
1182 3181 1207 3227 s.
1230 3181 1261 3223 v.
1290 3152 1404 3244 ἠθμός

170 3283 202 3347 p.
218 3267 290 3347 422,
309 3266 349 3326 84
366 3265 595 3326 MENEKPA
600 3266 693 3326 ΤΗΣ
714 3260 753 3325 ἐν
769 3255 917 3344 Ἔργων
941 3261 989 3325 α’·
1013 3255 1136 3350 «ἠθμῷ
1159 3262 1195 3327 δὲ
1211 3261 1404 3345 προπάροι-

172 3370 235 3429 θεν
259 3358 454 3449 ἀφαρπάζει
468 3369 542 3429 νέον
565 3363 632 3429 αἰεὶ
650 3357 789 3449 ἀφρόν».
825 3355 1011 3447 ‘Operibus'
1038 3365 1136 3446 igitur
1161 3365 1217 3430 ille
1240 3365 1404 3432 Hesiodeo

173 3468 323 3551 exemplo
353 3468 538 3550 compositis
566 3487 639 3534 eum
660 3469 733 3534 ¹alia
761 3468 951 3549 complexus
980 3473 1030 3532 est
1054 3472 1121 3531 tum
1143 3486 1241 3550 apum
1264 3469 1403 3532 nutrien-

262 3720 294 3782 51)
309 3711 525 3772 ‘Anehimolum’
549 3718 573 3772 si
597 3721 672 3772 reete
690 3710 881 3786 e‘Thalysiis'
901 3717 1041 3772 elicuimus
1059 3718 1138 3770 Arati
1160 3716 1308 3781 aemulum,
1332 3718 1404 3788 apud

173 3803 325 3858 Vitruvium
337 3802 377 3857 IX
390 3808 404 3855 '1
424 3807 460 3871 (p.
475 3807 522 3856 231
532 3805 584 3871 sq.)
603 3819 652 3872 pro
665 3805 856 3868 Achinapolus
868 3805 975 3857 tenure
991 3801 1080 3871 possis
1092 3805 1271 3853 Anchimolus
1289 3806 1319 3856 et
1334 3803 1405 3857 litte-

173 3888 260 3943 rarias
277 3889 357 3941 Arati
375 3886 532 3942 inimicitias
549 3879 763 3957 ‘Thalysiorum’
782 3887 931 3942 certamine
948 3887 1080 3941 amatorio
1099 3901 1243 3956 expressas
1261 3888 1404 3956 suspicari.

174 3975 412 4030 APXIMOAON
428 3973 502 4040 apud
514 3973 596 4026 Eleos
615 3972 774 4039 sophistam,
792 3972 872 4025 Arati
889 3986 1018 4025 coaevum
1035 3973 1101 4027 Ath.
1119 3972 1147 4024 11
1163 3987 1190 4039 p.
1204 3970 1278 4034 440,
1297 3971 1403 4026 codices

174 4058 252 4125 Diog.
277 4057 304 4110 Il
325 4063 392 4122 lut
418 4059 652 4114 ΑΓΧΙΠΥΛΟΝ
673 4065 786 4110 exarant
810 4057 947 4111 mendose.
982 4054 1146 4110 Haesitabat
1168 4055 1201 4109 de
1224 4056 1403 4111 anteferenda

178 4145 315 4212 scriptura
333 4143 557 4196 Wilamowitzius
571 4133 751 4209 ‘Antigonos'
767 4158 795 4210 p.
809 4146 842 4195 95
860 4140 923 4194 adn.

260 4231 284 4290 *t
304 4223 473 4300 ἑπταπόρου
493 4257 523 4264 -
542 4222 697 4292 Πελειάδος
714 4226 810 4297 Eurip.
825 4219 893 4280 ‘On'
916 4230 988 4280 1005.

267 4315 285 4379 ¹)
304 4303 383 4377 ὅπως
396 4307 547 4381 πρόκειται
559 4307 618 4382 εἶχε
631 4312 723 4367 codo:
742 4327 812 4367 eorr.
826 4309 1049 4367 Wiiamonitaios
1066 4310 1095 4363 in
1107 4309 1264 4364 Schwartzii
1276 4309 1404 4365 editione.
