3174 5160
317 364 339 418 1.
359 365 408 418 DE
426 329 587 420 ACHILLE
608 364 853 420 GRAMMATICO
872 365 987 420 ARATI
1004 364 1253 418 INTERPRETII.
1359 363 1396 422 41

97 616 100 621 ,
165 533 264 600 ἔσται
293 548 366 611 τοῖς
395 530 510 612 ἀλλοις
538 539 594 603 καὶ
616 533 683 603 ὑπὸ
715 538 779 599 τιῦν
803 534 962 601 ἐναντίων
992 529 1275 625 ἀφανισθήσεται.
1320 560 1404 620 γεω-

164 641 290 719 μέτραι
320 637 356 701 δὲ
386 631 488 703 αὐτὸν
516 634 740 705 ὑποτίθενται
770 639 923 725 γραμμήν
951 666 1028 704 τινα
1058 639 1198 725 λεπτήν,
1229 638 1408 723 διήκουσαν

166 733 239 805 ἀπὸ
262 742 324 805 τοῦ
338 744 472 823 κέντρον
488 744 547 806 τοῦ
563 735 716 828 ἀρκτικοῦ
732 740 848 805 κύκλον
871 745 965 824 μέχρι
988 745 1047 807 τοῦ
1070 736 1296 827 ἀνταρκτικού,
1318 744 1407 805 καθ-

166 839 257 927 άπερ
281 840 426 925 ε’ίρηται·
454 843 487 908 οἱ
511 842 546 908 δὲ
570 846 704 930 φυσικοὶ
730 842 918 929 φιλόσοφοι
938 841 975 908 τδ
993 841 1115 925 μεταξὺ
1140 844 1251 931 διῆκον
1273 845 1405 924 πνεῦμα

165 944 322 1028 λεγουσιν
352 938 464 1020 ἀξονα.
514 950 677 1031 μέμνηται
708 946 743 1011 δὲ
774 939 875 1010 αὐτοῦ
900 939 1140 1031 Ἐρατοσθένης
1170 943 1203 1009 ἐν
1233 947 1281 1030 τῴ
1307 940 1406 1030 Ἑρμῇ

111 1067 139 1115 15
166 1045 273 1129 λέγων
287 1095 294 1110 .
309 1095 316 1109 .
334 1047 381 1121 (fr.
395 1047 505 1113 XVIII
521 1049 635 1123 Hiller)
658 1050 713 1112 καὶ
737 1043 754 1113 ὁ
779 1043 926 1132 ’Ἁρατος
949 1050 1051 1131 λέγων
1073 1050 1115 1125 (ν.
1132 1049 1286 1124 21-23)·

301 1138 404 1231 αάτὰρ
429 1139 448 1213 δ’
469 1141 501 1233 γ’
528 1142 601 1214 οὐδ’
628 1143 740 1233 ὀλίγον
762 1154 1007 1229 μετανίσσεται,
1032 1141 1117 1212 ἀλλά
1140 1142 1221 1232 μάλ’
1249 1144 1357 1224 αάτως

300 1243 387 1325 άξων
412 1248 483 1314 αἰὲν
507 1248 636 1338 άρηρεν,
661 1250 726 1332 ἔχει
749 1246 780 1316 δ’
808 1245 993 1316 ἀτάλαντον
1017 1245 1149 1339 ἁπάντη

299 1349 465 1438 μεσσηγὺς
486 1365 595 1436 γαῖαν,
618 1357 697 1440 περὶ
721 1348 754 1418 δ’
782 1346 921 1435 οάρανδς
945 1347 1046 1418 αὐτὸν
1069 1345 1185 1436 ἀγινεῖ.

167 1447 368 1535 ὠνόμασται
390 1447 421 1518 δ’
448 1448 537 1531 ἀξιον
557 1451 613 1519 διὰ
636 1453 672 1519 τὸ
698 1457 777 1542 περὶ
795 1448 895 1521 αάτδν
919 1449 1064 1539 ἀγεσθαι
1081 1457 1134 1519 καὶ
1153 1456 1407 1537 περιδινεῖσθαι

109 1577 140 1625 20
164 1553 229 1620 τὸν
252 1546 403 1641 οάρανόν.
805 1564 810 1570 ’

260 1713 271 1760 1
292 1699 485 1780 ἀνταρκτικοῦ
502 1707 572 1760 VM:
591 1723 652 1762 corr
671 1708 802 1775 Scaliger,
830 1708 892 1761 item
910 1709 1036 1763 Petavius
1061 1711 1070 1777 ΙΙ
1095 1690 1158 1777 post
1182 1705 1290 1765 κύκλον
1308 1707 1361 1762 add
1379 1706 1404 1760 V

166 1784 245 1848 καθ’
260 1785 316 1860 δνΙΙ
330 1797 344 1846 3
362 1796 476 1863 γνῶμεν
488 1793 516 1845 Μ
531 1795 540 1860 ll
554 1797 568 1844 ῖ
581 1794 702 1860 supplevi
720 1809 734 1846 e
752 1793 798 1846 lin.
813 1797 837 1856 9,
856 1793 903 1845 ubi
922 1798 970 1864 τῆς
982 1803 1046 1848 aute
1063 1799 1123 1850 ταῖν
1139 1795 1167 1848 iu
1184 1797 1236 1864 γῆς
1253 1792 1367 1846 mutavit
1379 1797 1407 1845 et

166 1877 350 1932 traiciendum
368 1877 437 1931 dixit
454 1877 509 1930 Wil
522 1880 531 1944 ΙΙ
544 1875 566 1933 ἐ.
587 1868 632 1933 δτι
651 1899 674 1933 τ.
694 1878 714 1928 V
729 1879 738 1944 ΙΙ
753 1882 819 1931 'l-8
838 1876 871 1932 ἐκ
889 1874 980 1950 πυρὸς
997 1875 1092 1934 ἐλθὼν
1109 1911 1136 1917 -
1151 1884 1196 1949 ob·
1216 1878 1242 1934 εἰ
1258 1879 1284 1932 δ’
1302 1875 1336 1932 ἐκ
1353 1879 1404 1947 γῆς

167 1957 230 2020 ὑπὸ
250 1963 312 2016 coni
329 1962 383 2015 Wil
396 1965 405 2030 ΙΙ
421 1967 461 2026 12,
480 1967 495 2016 3
513 1957 649 2027 aaadcv
666 1963 675 2032 ll
695 1967 726 2017 16
739 1956 791 2018 οὐκ
803 1963 827 2016 V
840 1965 849 2030 ΙΙ
862 1965 1046 2031 μετανίσεται
1063 1965 1087 2018 V
1111 1964 1120 2031 ΙΙ
1141 1963 1195 2019 αἰεί
1213 1978 1263 2030 pro
1277 1958 1406 2025 αδτωςί

169 2052 178 2111 ΙΙ
199 2042 330 2102 ildonis
352 2064 401 2116 pro
426 2048 487 2104 αίὲν
505 2048 543 2114 V;
567 2040 651 2112 a'sov'
670 2039 844 2120 ἀδενάρηρεν
866 2050 1025 2116 Anonymus
1048 2049 1076 2101 in
1096 2048 1167 2114 Isag.
1187 2064 1213 2114 p.
1230 2049 1278 2100 166
1298 2047 1405 2109 Petav.;

168 2132 299 2201 repetIvit
309 2147 400 2186 versus
411 2136 513 2186 22—23
523 2128 721 2202 (ἕχει-γαῖαν)
731 2149 758 2200 p.
768 2136 816 2186 128
826 2131 918 2186 Petav.
929 2132 999 2185 idem
1010 2133 1129 2186 Achilles
1142 2134 1151 2200 ll
1168 2136 1197 2186 18
1209 2124 1299 2187 αὐτὸν
1309 2129 1406 2199 scripsi

169 2234 205 2272 ex
225 2218 288 2280 VM,
306 2226 336 2270 at
353 2233 407 2270 non
425 2213 541 2273 «αὑτὸν»
561 2217 603 2277 (ci.
622 2217 693 2269 inira
710 2233 737 2284 p.
752 2221 784 2270 42
802 2217 820 2271 l.
840 2223 871 2282 l),
891 2217 953 2285 qula
972 2218 1091 2271 Achilles
1110 2217 1235 2285 superius
1253 2217 1300 2269 la
1319 2214 1407 2267 utitur

168 2301 336 2370 paraphrasi
349 2295 428 2371 ‘scol
441 2295 530 2357 αὐτὸν
543 2307 675 2365 taxonem)
693 2304 741 2356 καὶ
760 2297 794 2358 τά
812 2297 888 2374 ἀκρα
908 2295 996 2358 αὐτοῦ
1015 2305 1131 2358 δινεῖται
1151 2295 1167 2355 o‘
1189 2293 1327 2370 οδρανός’
1345 2302 1405 2354 κτλ.

251 2475 290 2539 V.
303 2477 343 2537 23
360 2466 500 2555 οὐρανός
511 2473 655 2540 Achilles
667 2477 789 2557 recepit
801 2475 1071 2540 consentientibus
1083 2475 1275 2556 Etymologo
1287 2473 1405 2556 Magno

171 2598 196 2643 s·
214 2599 245 2642 v.
264 2569 368 2659 ἀγινιῦ
384 2578 489 2658 (περὶ
512 2569 543 2638 δ’
571 2569 711 2659 οὐρανὸς
728 2569 828 2638 αὐτὸν
846 2569 964 2657 ἀγινεῖ»
988 2577 1090 2661 φησὶν
1106 2569 1258 2658 Ἄρατος)
1275 2582 1307 2639 et
1321 2575 1405 2639 Mar·

171 2681 265 2744 aiano
297 2681 331 2742 in
358 2677 556 2762 margino²³).
609 2669 748 2763 οὐρανόν
776 2680 808 2743 in
839 2679 981 2743 eiusdem
1010 2678 1130 2744 codicis
1159 2683 1249 2742 textu
1278 2682 1341 2757 ost,
1371 2681 1406 2740 ut

171 2781 260 2847 dicat
290 2789 388 2863 poeta
407 2773 491 2846 ‘axis
522 2781 591 2863 ipse
620 2781 791 2846 immobilis
821 2781 1033 2863 aequilibrem
1063 2780 1205 2863 undique
1235 2779 1267 2841 in
1297 2777 1405 2842 medio

170 2891 260 2948 tenet
290 2890 407 2948 terram
437 2890 470 2947 et
496 2884 619 2947 caelum
652 2883 757 2964 ipsum
791 2878 1044 2947 circumversat'.
1090 2881 1191 2945 Addit
1219 2878 1403 2959 scholiasta,

169 3005 235 3050 non
257 2984 413 3049 Marciani
445 2984 545 3066 ipsius
576 2986 764 3067 scripturam
790 2978 884 3064 (περὶ
912 2982 943 3045 d'
970 2975 1111 3061 odoacris
1141 2973 1241 3045 αὐτὸν
1271 2973 1404 3062 ἀγινεῖ),

171 3085 230 3153 sed
252 3085 335 3152 alias
351 3087 430 3152 duas
450 3088 548 3169 vulgo
564 3086 813 3169 praeplaouisse,
837 3094 869 3151 et
884 3086 1101 3167 grammaticis
1117 3083 1247 3166 quidem
1263 3084 1404 3165 ineptam

172 3190 388 3255 coniecturam
409 3182 501 3270 ‘rocol
526 3180 558 3250 δ’
586 3179 726 3271 οὐρανὸς
749 3179 850 3251 αὐτόν
875 3191 930 3264 (sc.
946 3184 1005 3250 τὸν
1029 3179 1143 3263 ἄξονα)
1166 3176 1285 3268 ἀγινεῖ
1313 3184 1405 3264 quasi

170 3309 267 3355 axem
290 3292 380 3355 illum
396 3291 594 3356 immobilem
611 3292 736 3356 caelum
752 3291 997 3355 circumvertere
1013 3296 1131 3372 posset,
1154 3307 1265 3353 verum
1281 3283 1404 3349 mathe-

171 3393 297 3458 maticis
323 3386 416 3472 ‘napi
447 3383 478 3454 d'
511 3385 653 3475 οὐρανὸς
686 3382 788 3454 αὐτὸν
817 3382 949 3474 ἀγινεῖ,
983 3399 1018 3456 ut
1047 3392 1170 3456 caelum
1200 3408 1271 3455 sese
1300 3389 1405 3470 ipsum

171 3496 291 3561 circum
325 3513 421 3559 axem
454 3514 585 3560 versare
619 3494 793 3559 diceretur:
829 3490 936 3574 πολλὴ
970 3495 1024 3557 καὶ
1061 3491 1226 3577 διάφορος
1256 3486 1406 3554 ἐνταῦθα

172 3593 307 3682 ζήτησις
329 3597 409 3676 περί
431 3592 491 3679 τήν
513 3593 644 3680 γραφήν
660 3591 786 3677 ἐγένετο
809 3599 1059 3679 μαθηματικοῖς
1074 3596 1128 3658 καὶ
1152 3605 1405 3680 γραμματικοῖς.

172 3697 204 3762 οἱ
231 3697 292 3780 μὲν
321 3694 383 3781 γάρ
410 3700 632 3781 γραμματικοὶ
656 3690 876 3780 ἀγνοήσαντες
905 3691 1002 3760 εἶπον
1028 3692 1197 3779 ίπεριάγει
1225 3691 1242 3760 ὁ
1268 3687 1407 3778 οὐρανὸς

169 3798 229 3864 τὸν
259 3791 390 3876 ἀξονα).
435 3798 507 3863 ἔστι
537 3799 573 3864 δὲ
600 3802 698 3863 τοῦτο
727 3801 793 3862 των
823 3791 1069 3863 ἀτοπωτάτων·
1099 3796 1128 3862 εἰ
1158 3797 1220 3883 γὰρ
1250 3790 1405 3881 ἀκίνητον

172 3893 273 3966 αὐτὸν
297 3893 516 3983 ἀπεδώκαμεν
532 3902 586 3965 καὶ
612 3892 712 3965 αὐτοῦ
735 3903 792 3964 τοῦ
807 3893 949 3984 Ἀράτου
967 3892 1119 3983 ἀντικρὺς
1135 3899 1290 3971 εἰπόντος
1306 3890 1405 3959 «ἀλλὰ

170 3996 251 4086 μάλ’
285 3997 393 4079 αάτως
423 3997 511 4080 ἀξων
542 4003 612 4066 αἰὲν
636 3996 765 4087 ἀρηρε»,
797 4005 870 4078 πῶς
897 3994 1031 4079 omnib)
1055 3999 1282 4083 περιάγεσθαι
1306 3991 1406 4063 αὐτόν

260 4154 293 4218 ²³l
310 4154 384 4207 Alibi
402 4153 522 4207 Achilles
541 4168 557 4207 a
576 4153 715 4219 marginali
733 4153 867 4207 Marciani
891 4152 1066 4206 adnotatione
1085 4151 1179 4205 critica
1198 4150 1312 4214 recedit,
1331 4149 1405 4203 velut

170 4257 192 4293 ν.
211 4245 241 4294 l9
261 4245 297 4307 lp.
314 4242 404 4305 lisq.)
422 4244 449 4292 et
467 4255 490 4292 ν,
505 4241 533 4290 31
555 4243 591 4306 (p.
607 4243 657 4304 51).

258 4324 290 4388 ²⁴)
309 4316 392 4380 αὐτοὶ
410 4323 503 4376 codex.
