3174 5160
173 375 235 434 ειν
401 334 404 343 ’
713 375 864 430 narrar

176 549 263 614 Iovis
286 549 452 614 infantiam
476 568 628 614 enarrans
651 568 780 631 capram
803 549 975 614 induxerat
998 546 1052 613 dei
1074 548 1248 613 nutricem:
1275 567 1411 631 exspec-

173 656 294 733 tamus,
330 651 361 714 in
391 647 558 715 sacerdote
585 651 803 733 potissimum,
837 651 978 716 fabulam
1007 669 1025 714 e
1055 655 1143 714 certa
1171 648 1329 731 religione
1352 648 1410 715 de-

176 759 365 835 promptam.
411 750 554 816 Eandem
579 752 692 816 iterum
716 752 867 834 Aratum,
892 753 918 817 si
941 749 1038 816 modo
1060 750 1148 815 lovis
1171 745 1278 816 denuo
1301 751 1412 832 attigit

174 853 361 918 memoriam
391 852 585 933 fabularem,
615 855 797 936 respexisse
826 873 884 936 per
914 873 949 920 se
979 859 1227 918 consentaneum
1257 858 1314 917 est.
1359 851 1410 918 Ac

174 954 281 1036 tetigit
302 973 415 1035 reapse
438 955 530 1019 initio
552 977 583 1021 v.
600 958 639 1019 30
652 974 737 1037 sqq.:

784 1052 821 1118 εἰ
845 1051 960 1118 ἐτεόν
984 1053 1003 1118 δ
1010 1054 1045 1138 η,

303 1152 480 1242 Κρήτηθεν
501 1162 607 1222 κεῖναί
629 1181 665 1240 με
688 1154 774 1231 Διὸς
796 1154 940 1239 μεγάλου
964 1154 1072 1240 ἰότητι

305 1250 446 1339 οὐρανόν
471 1256 698 1345 εἰσανέβησαν,
723 1256 744 1322 ό
765 1283 822 1338 μιν
845 1257 929 1322 ποτὲ
951 1256 1143 1340 κουρίζοντα

302 1358 402 1443 uturp
426 1357 459 1423 έν
484 1353 601 1425 addidet
624 1355 720 1444 όρεσς
743 1356 860 1439 σχεδόν
879 1352 1013 1424 Ἰδαίοιο

301 1455 410 1544 ‹impp›
434 1459 649 1545 ἐγκατέθεντο
672 1464 727 1525 καὶ
752 1459 891 1547 ἔτρεφον
915 1459 963 1537 εἰς
986 1459 1146 1538 ἐνιαυτόν,

298 1568 456 1627 Δικταῖοι
479 1563 647 1651 Κούρητες
670 1555 727 1628 ὅτε
750 1562 880 1647 Κρόνον
904 1560 1096 1645 ἐψεύδοντο.

301 1666 358 1728 καὶ
380 1661 439 1749 την
461 1664 522 1746 μὲν
544 1665 760 1747 Κυνόσουραν
784 1662 959 1749 ἐπίκλησιν
980 1664 1165 1742 καλέουσιν,

298 1764 356 1851 τὴν
380 1759 409 1830 δ)
437 1763 549 1854 ἑτέρην
568 1763 704 1852 Ἑλίκην.

174 1871 306 1934 Aratum
324 1868 483 1935 Creticam
500 1870 541 1935 de
556 1872 643 1936 lovis
666 1871 807 1953 pueritia
829 1869 948 1933 lamam
971 1868 1155 1934 dubitanter
1174 1875 1319 1933 secutum
1336 1888 1412 1935 esse

172 1971 313 2037 diximus
335 1990 405 2053 cap.
421 1970 508 2035 v111.
546 1970 691 2049 Quadrat
714 1972 791 2036 illuc
808 1990 906 2053 capra
926 1972 978 2035 lac
999 1969 1159 2053 praebens
1182 1969 1268 2052 quod
1291 1969 1411 2034 infanti

172 2072 310 2154 daretur,
333 2075 366 2137 ni
388 2073 541 2156 fallimur,
565 2075 692 2139 eximie.
732 2072 901 2138 Sacerdoti
925 2072 1031 2154 igitur,
1056 2073 1107 2137 cui
1127 2069 1276 2154 Capram,
1300 2070 1410 2137 eidem

171 2173 369 2257 Cynosuram
399 2182 432 2239 et
453 2174 588 2240 Helicen
618 2175 786 2257 puerulum
818 2175 850 2237 in
880 2180 987 2237 monte
1009 2161 1071 2239 Ida
1097 2172 1208 2238 deberi
1231 2172 1411 2239 educantes

172 2277 451 2358 persuasissimum
476 2285 532 2342 est.
571 2277 655 2342 Hinc
679 2275 770 2341 idaei
786 2276 873 2340 Iovis
897 2273 1048 2341 sacerdos
1071 2275 1109 2355 is,
1134 2274 1175 2339 de
1205 2292 1268 2355 quo
1291 2275 1411 2356 agitur,

171 2379 306 2459 scriptor
334 2378 430 2442 fuerit
459 2398 589 2446 necesse
621 2378 665 2442 fit.
710 2379 781 2459 Age
811 2376 1000 2461 Capricorni
1030 2375 1232 2441 historiolam
1259 2367 1406 2442 ‘Catast'

172 2477 299 2543 XXVII
317 2498 346 2561 p.
366 2481 425 2542 148
443 2480 479 2544 R.
495 2480 711 2562 proferamus:
736 2476 881 2564 ἐτιμήθη
906 2476 941 2540 δὲ
965 2474 1020 2541 διὰ
1044 2473 1082 2540 τό
1108 2475 1296 2561 σύντροφον
1319 2472 1409 2542 εἶναι

170 2581 219 2662 τη]
243 2583 319 2659 Διί,
352 2579 551 2664 καθάπερ
577 2573 848 2665 Ἐπιμενίδης
882 2574 899 2644 δ
934 2576 982 2642 τὰ
1014 2574 1196 2663 Κρητικὰ
1226 2577 1410 2661 ἱστορῶν

171 2701 316 2765 φησιν,
340 2679 394 2746 ότι
417 2678 450 2745 ἐν
473 2683 514 2767 τῇ
531 2675 599 2767 Ἴδη
624 2683 724 2764 συνῆν
747 2675 847 2766 αὐτῷ,
872 2673 928 2746 ότε
952 2679 1010 2745 ἐπὶ
1029 2677 1108 2756 τοδς
1127 2681 1271 2756 Τιτᾶνας
1287 2677 1409 2765 ἐστρά-

169 2803 294 2860 τευσεν,
326 2779 360 2846 ἓν
391 2775 418 2866 ᾦ
448 2782 526 2859 τοὺς
555 2777 747 2865 συμμάχους
776 2781 1001 2861 καθώπλιζιυ.
1047 2779 1256 2863 παραλαβών
1286 2781 1322 2846 δὲ
1346 2781 1409 2868 τὴν

170 2877 272 2969 ἀρχὴν
288 2882 322 2948 ἐν
337 2897 410 2960 τοῖς
425 2880 563 2970 ἄστροις
581 2879 682 2950 αὐτὸν
699 2883 800 2972 ἔθηκε
822 2887 891 2949 καὶ
912 2883 982 2972 τὴν
998 2889 1036 2948 Α
1044 2880 1111 2968 lya
1126 2882 1195 2970 την
1210 2887 1408 2969 μητέρα.’)

170 2986 301 3053 Ceteros
331 2995 429 3055 testes
460 2988 611 3072 adposuit
641 2990 810 3055 Robertus.
859 2987 1068 3071 Epimenides
1101 2988 1199 3070 igitur
1231 2986 1408 3071 Cretensis,

169 3089 287 3155 Cretici
314 3127 356 3135 -
375 3082 493 3156 ‘Idaei’
530 3111 614 3156 nunc
648 3091 791 3157 dicemus
825 3091 1005 3155 accuratius
1034 3125 1076 3134 —
1106 3089 1193 3154 lovis
1228 3096 1259 3153 et
1292 3087 1407 3157 Rheae

169 3190 330 3274 sacerdos,
354 3191 493 3274 Capram
514 3192 703 3277 Capricorni
726 3201 861 3257 matrem
884 3192 978 3256 simul
1002 3210 1073 3255 cum
1096 3189 1164 3255 filio
1187 3191 1220 3254 in
1243 3190 1406 3257 sideribus

169 3293 374 3359 constitutam
396 3302 593 3360 narraverat.
639 3294 676 3358 In
699 3293 925 3377 Epimenidem
948 3313 1025 3358 vero
1050 3293 1147 3357 etiam
1172 3292 1340 3375 convenit,
1370 3301 1407 3358 ut

169 3395 284 3460 melius
306 3415 369 3460 non
399 3397 518 3478 possit,
549 3396 703 3479 dictamni
733 3396 853 3460 mentio
876 3395 996 3459 Aratea
1019 3391 1119 3478 δίκτρ
1142 3389 1175 3456 έν
1199 3385 1331 3473 εὐώδει,
1363 3395 1407 3461 de

171 3496 261 3561 cuius
284 3497 472 3562 salubritate
497 3506 529 3563 et
551 3499 585 3562 vi
600 3499 788 3580 purgatoria
803 3517 872 3579 cap.
887 3497 930 3560 VI
947 3498 1128 3580 expositum
1149 3504 1198 3561 est
1212 3497 1405 3564 accuratius.

168 3596 388 3665 Lustrationes
411 3589 677 3681 (Iladappom')
706 3598 868 3663 ferebatur
898 3598 954 3662 ille
984 3597 1059 3662 inde
1087 3618 1108 3662 a
1138 3599 1248 3680 quinto
1272 3601 1404 3665 sacculo

169 3699 413 3781 conscripsisse;
431 3701 547 3765 dicitur
563 3700 650 3766 idem
673 3697 888 3784 dudoropogst)
922 3700 1035 3782 Itaque
1049 3700 1270 3783 Epimenidem
1283 3701 1403 3768 Aratus

256 3899 276 3962 ³)
295 3897 390 3952 Fidem
404 3900 521 3955 Kernius
538 3917 565 3968 p.
580 3904 612 3954 ‘18
625 3900 793 3967 Epimenidis
806 3901 966 3968 fragmentis
985 3901 1027 3965 iis,
1046 3916 1116 3968 quac
1133 3901 1160 3953 in
1175 3895 1404 3956 ‘Catasterismis’

170 3988 279 4037 servata
297 3991 368 4046 sunt,
387 3985 533 4052 derogarit.
565 3985 614 4037 Cui
632 3985 692 4038 iure
710 3984 841 4050 refragati
858 3991 923 4038 sunt
941 3984 1053 4038 Bethius
1072 3984 1195 4048 (Hermes
1215 3988 1281 4039 1889
1299 4003 1326 4053 p.
1340 3990 1403 4053 410)

171 4075 199 4120 et
216 4068 438 4124 Wilamowitzius
456 4069 563 4138 (Eurip.
581 4068 723 4138 Hippolyt.
741 4085 768 4136 p.
782 4073 850 4132 224).
1422 4068 1430 4082 ⁰

254 4155 274 4218 ⁴)
293 4153 432 4208 Schultess
446 4151 500 4206 ‘De
518 4147 690 4221 Epimenide'
709 4171 736 4222 p.
750 4159 791 4208 19.
823 4155 956 4209 Dormirit
973 4155 1001 4209 in
1016 4161 1095 4209 antro
1113 4155 1208 4209 Idaeo:
1228 4154 1262 4208 cf.
1281 4154 1354 4208 intra
1372 4158 1401 4210 et

171 4237 268 4292 Suidas
287 4255 308 4292 s.
322 4256 345 4291 r.
361 4242 553 4309 διεκπατῆσαι]
567 4242 619 4295 τοῦ
631 4236 726 4295 πάτου
738 4244 932 4310 παρεξελθεῖν.
964 4239 1094 4309 λέγουσιν
1105 4233 1279 4311 Ἐπιμενίδην
1289 4235 1401 4323 χρόνον

166 4319 219 4380 ἕνα
238 4326 423 4395 διεκκατῆσαι
442 4317 661 4394 οἷσχσλοόμενον
680 4327 746 4395 περὶ
764 4323 942 4395 ῥιζοτομίαν.
976 4320 1088 4396 χρόνον
1105 4321 1154 4380 ἕνα
1169 4319 1266 4380 ‘unum
1285 4341 1386 4380 annum
