3174 5160
371 380 392 433 1.
412 375 462 431 nn
479 377 641 432 Acnmun
660 376 906 433 GRAMMATICO
925 379 1040 433 anan
1056 379 1304 435 rnrnnrunnn.
1387 362 1390 385 ¹
1415 380 1455 439 55

170 562 198 613 10
218 553 260 637 τῇ
288 548 427 636 τοιαύτη
457 555 659 636 περιφερείᾳ
686 551 746 614 τού
774 545 944 633 ὁρίζοντος
975 549 1038 627 τὰς
1066 545 1231 628 ἀνατολὰς
1259 554 1314 618 καὶ
1345 552 1456 628 δύσεις

220 657 420 730 ποιεῖσθαι,
453 647 568 738 ἡλίκην
597 665 793 738 παραχωρεῖ
820 649 854 717 ἒν
884 646 974 737 αύτηῖ
1003 645 1072 719 ἀπὸ
1101 655 1161 738 της
1190 656 1248 719 τοῦ
1277 652 1455 738 Αἰχύκερω

220 748 388 839 ἀνατολῆς
403 752 465 830 ἕως
478 755 538 838 τῆς
552 756 612 818 τού
628 759 794 838 Καρκίνου
811 747 984 837 ἀνατολῆς.
1023 754 1109 839 λέχει
1125 754 1161 820 δὲ
1177 747 1282 832 ούτως
1294 760 1335 834 (v.
1350 761 1456 824 534-

221 861 314 932 539)'

393 958 449 1020 καὶ
471 953 513 1020 τά
536 955 597 1039 μέν
621 949 771 1023 ἀντέλλει
793 981 830 1022 τε
851 960 905 1024 καὶ
930 952 1028 1024 ἀντία
1051 958 1163 1025 νειόθι
1186 959 1276 1024 δύνει

173 1072 199 1121 15
394 1057 507 1122 πάντα
530 1058 765 1146 παραβλήδην·
789 1065 851 1142 μία
875 1060 911 1125 δέ
936 1059 1050 1147 σφειύν
1073 1059 1164 1126 ἐστιν
1186 1059 1326 1126 ἑκάστου

395 1158 501 1246 ἑξείης
523 1159 684 1245 ἑκάτερθε
704 1163 885 1250 κατηλυσίη
910 1149 1031 1239 ἀνοδύς
1051 1187 1097 1228 τε.

394 1255 499 1347 αύτάρ
522 1254 542 1326 δ’
563 1255 595 1347 χ’
617 1256 785 1328 Ὠκεανοῖο
807 1264 909 1329 τόσον
931 1270 1179 1349 παραμείβεται
1201 1256 1300 1346 ὕδωρ,
1369 1333 1373 1338 ,

394 1355 496 1429 ὅσσον
519 1357 581 1429 ἀπ’
607 1363 816 1451 Αἰχοκερηος
839 1360 1071 1449 ἀνερχομένοιο
1093 1365 1242 1448 μάλιστα

393 1471 559 1550 Καρκίνον
582 1464 630 1543 εἰς
653 1460 790 1533 ἀνιόντα
812 1469 1008 1534 κυλίνδεται.

174 1581 200 1631 lh
222 1566 323 1650 δῆλον
347 1551 404 1631 σύν
427 1565 461 1630 έκ
482 1566 619 1647 τούτων,
643 1561 697 1634 ὅτι
718 1567 761 1633 τὰ
783 1568 929 1654 τροπικὰ
946 1583 1067 1657 σημεῖα
1083 1568 1116 1635 ἐν
1139 1583 1213 1646 ταῖς
1229 1563 1346 1654 ἀρχαῖς
1368 1563 1455 1634 ύπο-

219 1673 367 1747 τίθεται,
390 1667 427 1733 τύ
450 1668 511 1750 μέν
535 1667 569 1734 έν
590 1673 631 1756 τῇ
653 1674 712 1736 τοῦ
735 1677 919 1756 Καρκίνου,
946 1669 983 1736 τὸ
1009 1665 1039 1734 δ’
1067 1669 1100 1734 ἐν
1122 1675 1163 1757 τῇ
1183 1657 1244 1736 ’τού
1266 1669 1454 1755 Αἰχύκερω.

219 1767 365 1857 τὴνχάρ
387 1764 453 1836 ini
478 1770 605 1836 τούτων
627 1776 693 1836 τῶν
717 1779 862 1860 σημείιον
886 1771 920 1838 έν
935 1786 1009 1848 ταῖς
1032 1767 1211 1848 ἀνατολαῖς
1235 1766 1343 1837 αύτιύν
1367 1766 1455 1838 ἀπο-

219 1866 424 1959 τεμνομένην
447 1875 505 1938 τού
528 1868 699 1958 ὁρίζοντος
721 1876 940 1961 περιφέρειαν
961 1870 978 1939 ὁ
997 1872 1158 1958 ζῳδιακὸς
1175 1868 1362 1939 ἀνατέλλων
1378 1872 1454 1939 ε’πι-

219 1972 410 2056 πορεύεται.
457 1973 553 2052 δόξαι
587 1968 618 2039 δ’
652 1965 691 2040 ἀν
726 1974 901 2063 ἐμφαίνειν
929 1979 1027 2041 τούτο
1057 1977 1113 2039 καὶ
1142 1974 1178 2052 ἐξ
1205 1969 1250 2040 ὧν
1284 1978 1362 2058 περὶ
1395 1979 1454 2042 τού

172 2090 197 2139 25
218 2074 373 2153 Λέοντος
396 2074 499 2161 λέγων
522 2083 625 2164 φησίν
647 2083 830 2154 (v.149-1
859 2087 904 2156 1)·

392 2177 478 2243 ἔνθα
499 2180 560 2262 μέν
582 2173 708 2266 ἠελίοιο
731 2184 929 2265 θερείταταί
952 2179 1018 2245 εἰσι
1040 2179 1210 2245 κέλευθοι·

393 2281 428 2347 αἱ
452 2280 487 2346 δέ
509 2306 576 2347 που
600 2277 772 2363 ἀσταχύων
794 2286 903 2347 κενεαὶ
926 2288 1106 2369 φαίνονται
1128 2275 1277 2365 ἀρουραι,

392 2376 505 2464 ἠελίου
528 2382 571 2448 τὰ
593 2387 713 2468 πριῦτα
736 2383 989 2467 συνερχομένοιο
1013 2383 1149 2448 Λέοντι.

307 2531 391 2590 6δύο
410 2539 469 2590 τῶν
485 2536 547 2590 LV:
572 2536 668 2589 traieci
689 2538 698 2602 ΙΙ
723 2540 754 2590 14
776 2535 854 2604 psv
877 2542 885 2600 ΙΙ
907 2529 1007 2591 αὐτίκα
1027 2535 1091 2591 ν,Ιι
1114 2537 1123 2602 ΙΙ
1148 2539 1176 2586 15
1198 2528 1332 2602 πάμμία
1350 2531 1421 2589 liv
1448 2532 1457 2601 ΙΙ

223 2623 253 2673 16
266 2618 475 2690 κατηλυοίηΙιΙΙ
487 2626 516 2674 ll
536 2619 628 2677 τόσον
646 2621 668 2673 L
686 2626 713 2674 et
725 2636 803 2674 eraso
822 2621 908 2674 altero
927 2621 998 2688 chl
1009 2625 1040 2673 23
1058 2620 1161 2685 κύκλος
1179 2627 1241 2688 post
1259 2623 1322 2692 ζῳδ.
1341 2618 1429 2671 addL
1448 2615 1458 2684 ll

220 2697 385 2760 ἀνατέλλων
404 2720 446 2757 om
465 2705 511 2772 Lu
524 2709 556 2759 26
575 2707 745 2778 θεραίτατοι
762 2706 808 2772 Lu
823 2710 854 2758 27
874 2703 902 2760 ui
920 2704 958 2756 V:
979 2699 1012 2760 ού
1032 2706 1063 2758 L.

308 2893 345 2957 V.
363 2897 423 2958 537
451 2914 522 2960 cum
551 2895 680 2961 Achille
702 2897 855 2961 Marciani
887 2903 918 2960 et
946 2903 1053 2960 textus
1084 2903 1116 2959 et
1145 2896 1263 2959 lemma
1291 2885 1456 2958 «Ὠκεανοῦ

220 2991 359 3058 τόσσον»
381 3004 571 3079 propagant,
595 2997 801 3080 Hipparchus
825 3003 857 3062 et
872 2997 1025 3062 Geminus
1049 3017 1120 3062 cum
1144 2997 1355 3061 recentiorum
1379 3017 1456 3061 non·

220 3097 318 3162 nullis
341 3096 478 3162 offerunt
499 3090 678 3161 «Ὠκεανοῖο
701 3091 826 3161 τόσον».
871 3098 1092 3181 Hipparchum
1116 3098 1348 3179 amplectimur.

308 3199 345 3263 V.
370 3201 430 3262 538
460 3190 724 3282 «ἀνερχομένοιο»
755 3220 797 3264 ex
825 3201 1056 3265 recentioribus
1083 3200 1160 3263 olim
1190 3201 1221 3262 in
1251 3206 1379 3281 poetam
1408 3219 1456 3265 re·

219 3301 351 3367 ductum
374 3309 432 3383 est,
456 3322 527 3366 cum
550 3299 769 3388 «ἐρχομένοιο»
798 3302 944 3365 mutilum
975 3301 1093 3366 habeat
1114 3301 1309 3366 Marcianus:
1340 3301 1457 3382 quibus

219 3405 285 3468 iam
316 3402 467 3484 Achillis,
502 3406 641 3470 auctoris
669 3424 747 3487 prae
777 3405 906 3467 illorum
935 3404 1069 3468 levitate
1099 3403 1297 3485 gravissimi,
1329 3403 1458 3468 Gemini

220 3513 321 3587 atque
342 3503 426 3570 adeo
449 3505 629 3588 Hipparchi
652 3507 837 3572 testimonia
858 3506 1024 3570 accedunt.

308 3607 368 3671 His
397 3607 428 3671 in
458 3606 586 3673 Achille
617 3608 778 3690 expeditis
812 3607 853 3671 de
883 3606 1069 3690 Hipparcho
1099 3607 1252 3671 nonnulla
1281 3607 1344 3670 iam
1373 3626 1457 3671 nune

219 3708 396 3775 subiecturi
429 3711 568 3792 primum
597 3730 627 3774 v,
652 3714 713 3774 534
747 3710 888 3774 breviter
921 3710 1144 3789 tractabimus,
1178 3709 1232 3772 ubi
1266 3699 1392 3769 «ἀντία»
1419 3705 1456 3787 V,

218 3801 369 3874 «αὐτίκα»
396 3811 439 3892 L,
468 3811 549 3875 illud
578 3812 720 3877 secunda
749 3812 902 3875 Marciani
932 3832 1028 3876 manu
1056 3811 1252 3876 interlineari
1282 3805 1458 3892 (γράφεται

217 3914 277 3977 καὶ
299 3903 449 3987 «ἀντίανχ
472 3911 533 3977 hoc
555 3913 698 3978 eiusdem
722 3920 812 3977 textu
836 3913 1021 3977 stabilitum.
1067 3912 1135 3976 Nec
1158 3911 1329 3975 discrimen
1352 3916 1458 3992 petest

217 4016 288 4099 peti
317 4016 358 4079 ab
388 4033 447 4078 usn
475 4021 607 4096 poetae,
637 4017 691 4097 qui
721 4014 1048 4080 multitudinis
1076 4014 1205 4096 quidem
1235 4011 1309 4075 τοτὲ
1338 4004 1454 4093 μέντ’

220 4109 343 4194 ἀνιών,
373 4113 450 4180 τότε
472 4107 504 4177 δ’
539 4107 657 4180 αὐτίκα
681 4114 785 4180 δύνων
808 4117 895 4181 nullo
922 4116 1050 4180 testium
1075 4116 1235 4195 dissensu,
1266 4115 1324 4179 sed
1347 4137 1377 4179 v.
1395 4119 1454 4179 571

217 4219 275 4284 τοὶ
298 4217 359 4299 μέν
382 4215 543 4295 δύνοντες,
566 4220 620 4283 τοὶ
645 4211 675 4280 δ)
703 4213 739 4293 ἒξ
759 4214 871 4302 ἑτέρης
895 4210 1044 4290 ἀνιύντες
1064 4217 1129 4289 (ubi
1153 4213 1202 4290 «ἐξ
1224 4213 1349 4300 ἑτέρης»
1372 4218 1459 4282 idem

218 4323 313 4387 valet
335 4327 434 4404 atque
455 4313 594 4396 adacta»)
618 4327 650 4386 et
672 4341 702 4384 v.
720 4324 829 4402 725,6
851 4318 1017 4399 Διδύμοις
1047 4317 1106 4383 ἐ’πι
1134 4320 1224 4403 σημα
1252 4319 1402 4400 τετύχθω
1425 4317 1462 4395 ἒξ
1575 4343 1580 4350 ’
