3174 5160
482 352 516 406 11.
535 351 586 406 DE
604 351 718 406 ARATI
736 353 867 408 conlcE
885 353 1128 409 HIPPARCHEO.
1371 354 1431 414 109

288 530 318 592 2.
343 526 375 591 II
396 547 427 610 p.
440 528 503 589 225
516 525 546 589 D
561 525 640 608 περὶ
653 524 689 590 δέ
702 528 762 613 τῆς
777 529 836 591 τοῦ
848 529 953 615 Κριοῦ
969 520 1133 616 ἀνατολῆς
1147 520 1321 610 δ”Αρατος
1331 528 1433 609 λέγων

197 624 252 693 (τὰ
276 627 339 710 μέν
367 620 473 704 δεξιά
505 631 614 715 (φησι)
640 623 713 712 ’τῆς
730 623 955 714 Ἀνδρομέδας
978 630 1010 696 οἱ
1029 622 1167 711 Ἰχθύος
1193 636 1235 704 (v.
1253 635 1433 705 707-713)

347 723 443 795 αὐτοὶ
466 727 672 816 ἐφέλκονται,
695 729 737 795 τά
761 725 792 795 δ’
820 725 978 816 ἀριστερά
1002 731 1135 798 νειόθεν
1159 731 1244 797 έλκει

346 832 451 919 Κριὸς
473 824 699 915 ἀνερχόμενος.
743 837 803 899 τοῦ
823 837 879 900 καὶ
902 835 1193 921 περιτελλομένοιο

344 933 534 1022 έσπερόθεν
557 959 611 1002 κεν
633 934 722 1002 ἰ’δοιο
748 936 922 1025 Θυτήριον,
945 930 1050 1020 αῦτάρ
1074 935 1108 1002 έν
1132 931 1213 1022 άλλη

346 1043 497 1124 Περσέος
520 1031 733 1115 ἀντέλλοντος
755 1037 836 1105 δσον
858 1037 1005 1127 κεφαλήν
1027 1041 1139 1104 τεκαὶ
1163 1033 1288 1121 ι’όμους·

347 1133 428 1227 αῦτῆ
454 1140 490 1206 δέ
513 1139 597 1228 ζώνη
620 1147 676 1207 καί
698 1135 728 1206 κ’
756 1134 953 1228 ἀμφήριστα
975 1143 1113 1207 πέλοιτο

347 1231 368 1328 ῆ
390 1246 486 1329 Κριῳ
510 1242 643 1330 λήγοντι
665 1248 841 1330 φαείνεται
863 1233 883 1330 ῆ
905 1241 964 1311 ἐπὶ
991 1243 1120 1330 Ταύρῳ.

205 1345 372 1432 γράφεται
393 1346 453 1428 μέν
476 1337 582 1422 οῦτως
604 1340 775 1426 όέσχατος
799 1351 923 1428 στίχος·
948 1344 1036 1424 εἰκός
1051 1352 1166 1429 μέντοι
1187 1370 1224 1431 γε
1246 1339 1433 1433 ἠγνοῆσθαι

169 1459 188 1509 11
205 1446 238 1513 τό
255 1447 436 1536 «λήγοντι»·
460 1447 496 1525 ἐξ
515 1441 615 1538 ἀρχῆς
636 1445 698 1534 γάρ
715 1448 850 1515 πάντων
866 1453 932 1516 τιῦν
956 1447 1083 1536 ζῳδίων
1097 1448 1157 1526 τὰς
1173 1442 1275 1534 ἀρχάς
1297 1447 1355 1514 έπλ
1377 1451 1435 1535 τῆς

207 1544 369 1639 ἀνατολῆς
391 1546 597 1617 ὑποτίθεται
618 1554 675 1617 καὶ
698 1545 769 1633 ούχὶ
784 1554 950 1634 μεσοῦντα
972 1541 993 1640 ῆ
1017 1552 1167 1638 λήγοντα,
1192 1550 1268 1617 ἐπεὶ
1291 1542 1377 1616 ούτω
1400 1575 1436 1633 γε

207 1655 257 1719 καὶ
280 1656 349 1718 τῶν
371 1648 482 1719 ἀλλων
499 1649 630 1737 ἀστρων
645 1651 721 1719 τινὰ
743 1654 803 1736 μὲν
825 1657 907 1741 μέρη
923 1654 1114 1737 μισούντων
1129 1657 1195 1720 των
1211 1653 1338 1740 ζῳδίων
1360 1651 1435 1718 τινὰ

209 1750 236 1819 δ’
255 1749 450 1839 ἀρχομένων
471 1745 674 1844 ῆληγόντων
691 1754 781 1821 δύνει
802 1744 1021 1843 ήάνατέλλει.
1059 1749 1142 1824 ὅθεν
1164 1758 1219 1822 καὶ
1242 1751 1436 1832 δ”Ατταλος

209 1862 251 1934 (fr.
268 1861 324 1938 28)
346 1855 430 1922 κατὰ
453 1858 514 1941 μὲν
535 1860 635 1924 τοῦτο
659 1852 773 1941 ὀρθῶς
797 1857 982 1943 συνεώρακε
1003 1858 1041 1925 τό
1066 1853 1264 1948 ἀγνόημα..
1283 1861 1362 1924 ,καὶ
1386 1858 1436 1924 δεῖ

175 1970 194 2020 15
208 1985 256 2026 τοι
278 1955 315 2044 ἥ,
340 1955 387 2037 ὠς
410 1958 533 2037 ἐκεῖνός
557 1982 651 2050 φησι,
673 1959 870 2049 γράφεσθαι

347 2051 368 2149 ῆ
393 2065 487 2148 Κριῳ
510 2057 640 2128 ἀνιόντι
663 2071 837 2150 φαείνεται
859 2053 880 2152 ῆ
904 2063 962 2130 ἐπὶ
981 2061 1100 2150 Ταύρῳ

211 2153 287 2253 ῆνῆ
312 2169 384 2231 Δία
406 2163 526 2241 οὕτως·

348 2256 369 2352 ῆ
392 2270 488 2353 Κριῳ
511 2266 655 2355 λήγουσα
679 2274 862 2356 φαείνεται,

213 2361 293 2436 ὥστε
320 2369 359 2436 τὸ
391 2369 564 2457 «λήγουσα»
587 2369 645 2436 ἐπὶ
673 2368 733 2459 τῆν
760 2369 863 2460 ζώνην
892 2363 1137 2458 ἀναφέρεσθαι.
1174 2370 1296 2456 λέληθε
1324 2374 1438 2453 μέντοι

179 2479 241 2556 ’λγε
263 2467 366 2540 αύτόν
389 2470 427 2539 τό
450 2466 602 2560 βούλημα
623 2477 682 2539 τοῦ
706 2477 849 2560 ποιητοῦ
870 2466 952 2540 κτλ.
991 2475 1141 2559 Sequitur
1156 2476 1257 2541 Attali
1281 2477 1438 2542 sententia

214 2585 239 2642 et
261 2577 441 2662 Hipparchi
462 2579 628 2661 refutati03
651 2577 726 2644 dein
748 2578 855 2662 pergit
877 2597 907 2661 p.
925 2581 986 2642 227
1003 2577 1044 2643 C:
1068 2576 1160 2642 δοκεῖ
1181 2576 1217 2640 δέ
1239 2601 1297 2659 μοι
1321 2575 1437 2661 διηπο-

214 2681 336 2765 ρῆσθαι
359 2671 540 2764 δ”Αρατος
563 2674 656 2761 παρά
679 2675 739 2764 τῆν
763 2669 864 2765 αύτῆν
888 2677 1009 2758 αἰτίαν,
1032 2672 1115 2763 παρ)
1141 2676 1180 2764 ῆν
1203 2679 1258 2743 καὶ
1282 2672 1437 2757 Εύδοξος,

214 2773 546 2868 ηίκατηκολούθηκεν
569 2775 586 2845 ὁ
610 2772 765 2867 Ἄρατος·
790 2776 824 2844 έν
839 2778 976 2866 μὲνγὰρ
999 2783 1046 2865 τῳ
1063 2781 1266 2865 συντάγματι
1288 2785 1336 2867 τῳ
1358 2783 1437 2868 περὶ
1553 2832 1557 2837 -

213 2885 272 2949 τῶν
289 2881 508 2965 Φαινομένων
522 2881 654 2969 γράφει,
671 2878 724 2948 ότι
739 2895 811 2957 τοῖς
822 2874 949 2963 Ἰχθύσι
964 2884 1197 2949 συνανατέλλει
1212 2883 1253 2948 τά
1271 2883 1363 2961 δεξιόι
1379 2887 1438 2950 τοῦ

181 2989 377 3069 δΠερσέως,
401 2976 487 3050 ὥστε
507 2987 567 3074 τῆς
590 2977 691 3072 ἀρχῆς
717 2987 777 3051 τοῦ
799 2987 905 3072 Κριοῦ
930 2983 1017 3068 πρός
1043 2989 1085 3072 τῇ
1108 2979 1252 3074 άνατολῆ
1275 2981 1374 3073 ούσης
1396 2985 1438 3050 τά

214 3085 301 3165 δεξιά
330 3084 434 3169 μόνον
455 3089 515 3152 τοῦ
537 3086 695 3174 Περσέως
717 3085 799 3175 μέρη
822 3079 896 3152 κατ’
924 3080 1023 3153 αὐτόν
1053 3084 1137 3173 ὑπὲρ
1160 3091 1218 3173 γῆς
1241 3093 1437 3175 φαίνεσθαι,

214 3188 242 3256 έν
269 3189 306 3255 δὲ
328 3191 378 3274 τῷ
400 3186 501 3275 ἑτέρῳ
525 3186 737 3273 συντάγματι,
761 3186 779 3254 ὃ
803 3183 1026 3277 ἐπιγράφεται
1045 3183 1267 3275 0Ἐνοπτρον’,
1290 3202 1361 3266 τοῖς
1380 3182 1438 3270 Ἰχ-

214 3291 294 3358 θύσι
309 3292 414 3380 φησὶν
437 3284 539 3357 αῦτόν
554 3282 632 3356 όλον
658 3289 746 3380 πλῆν
769 3285 882 3377 ὀλίγον
904 3291 1165 3359 σονανατέλλειν.
1204 3289 1238 3357 έν
1253 3294 1359 3356 πᾶσιν
1382 3276 1439 3356 οῦν

214 3394 327 3477 σχεδόν
343 3407 414 3471 τοῖς
424 3397 502 3478 περὶ
519 3392 580 3470 τὰς
596 3386 762 3470 ἀνατολὰς
777 3397 843 3461 τιῦν
860 3390 990 3481 όστρων
1004 3392 1270 3482 συμφωνούντων
1283 3386 1440 3482 ἀλλήλοις

177 3501 275 3564 λεών
298 3496 358 3563 δύο
383 3495 637 3580 συνταγμάτων,
667 3498 745 3580 περὶ
770 3496 805 3562 δὲ
828 3500 887 3563 τοῦ
909 3497 1067 3580 Περσέως
1091 3495 1256 3583 διαφόρου
1278 3498 1336 3585 τῆς
1360 3488 1440 3561 ἀνα-

213 3602 340 3687 γραφῆς
364 3593 473 3686 ούσης,
498 3590 642 3684 εῦλόγως
664 3593 842 3686 δ”Αρατος
866 3600 1049 3685 διαποριῦν,
1073 3605 1158 3686 ποίᾳ
1173 3622 1225 3674 τις
1240 3598 1440 3663 κατακολου-

296 3757 311 3806 2
330 3753 397 3823 φησί
419 3749 456 3803 V:
481 3749 606 3822 φησίνΙι
627 3751 637 3819 ΙΙ
660 3754 675 3803 3
694 3745 758 3809 τάδ’
782 3750 936 3805 Marcianus
959 3752 967 3819 Π
990 3746 1105 3807 νειόθεν
1128 3745 1202 3807 έλιιει
1221 3750 1245 3804 V
1270 3749 1437 3804 Marcianus:

215 3833 316 3894 εἴωθεν
333 3833 425 3893 έλκειν
437 3834 460 3888 L
472 3836 513 3902 114
531 3829 728 3908 ἀνερχόμενος
739 3837 765 3891 V
782 3836 953 3891 Marcianus:
972 3829 1166 3905 άνελιιόμενος
1184 3836 1229 3902 Lu
1243 3841 1258 3888 5
1277 3832 1308 3889 έν
1325 3834 1349 3888 V
1368 3835 1440 3887 Mar-

215 3923 320 3978 cianus:
339 3937 383 3977 om
401 3920 425 3974 L
447 3922 456 3988 ΙΙ
478 3923 494 3973 6
513 3920 641 3992 Περσέος
658 3921 681 3974 L
701 3921 869 3976 Marcianus:
895 3920 1028 3993 Περσέως
1047 3923 1068 3974 V
1087 3924 1096 3988 ΙΙ
1119 3914 1311 3984 ἀντέλλοντος
1328 3919 1350 3971 L
1370 3920 1441 3972 Mar-

216 4006 321 4061 cianus:
339 4000 587 4070 dvatfflmocv
604 4006 613 4074 ΙΙ
637 4011 650 4058 λ
671 3999 740 4078 αῦτῆ
754 4005 778 4058 L
790 4006 961 4060 Marcianus:
981 3999 1089 4076 αύτῇλί
1110 4008 1119 4073 ΙΙ
1141 3999 1173 4063 κ’
1192 3999 1356 4077 άμφήριστα
1369 4005 1440 4057 Mar·

216 4091 320 4146 cianus:
339 4086 522 4163 καμφήριστα
532 4091 565 4156 V,
579 4083 776 4162 άμφήρισταλι
795 4093 805 4159 Ιχ
822 4087 937 4162 γένοιτο
947 4090 1004 4154 LV,
1019 4096 1048 4143 at
1060 4092 1095 4145 cf.
1108 4094 1125 4145 1.
1140 4096 1242 4144 42-44
1263 4093 1272 4158 ΙΙ
1295 4094 1309 4143 8
1328 4086 1441 4160 λήγοντι

217 4175 293 4230 etiam
305 4177 462 4231 Marcianus
476 4175 511 4230 cf.
524 4175 617 4229 Herm.
631 4176 695 4228 XlX
708 4194 735 4245 p.
752 4181 798 4230 103
822 4178 831 4243 ΙΙ
855 4180 884 4227 10
902 4170 936 4231 τό
950 4175 986 4227 L:
1006 4173 1084 4247 τῷν
1105 4176 1114 4242 ΙΙ
1139 4180 1221 4240 11,12
1239 4173 1301 4231 ἐπεὶ
1318 4165 1392 4231 ούτω
1410 4195 1442 4246 γε

218 4265 263 4317 καί
273 4263 311 4316 V:
329 4259 376 4318 ἐπὶ
387 4258 444 4335 γάρ
456 4261 480 4314 L
503 4263 513 4330 ΙΙ
535 4265 565 4315 13
578 4258 726 4333 ληγόντων
737 4260 818 4314 Lv²:
831 4256 944 4332 γόντων
956 4258 999 4331 Vfl
1016 4265 1045 4314 19
1059 4257 1183 4332 λήγουσα
1196 4261 1233 4315 L:
1248 4257 1424 4332 λήγουσανλί
1435 4260 1444 4328 ss

220 4349 249 4399 26
266 4351 317 4404 τοῦ
336 4347 469 4421 Περσέως
485 4343 559 4419 μέρη
577 4347 614 4400 V:
633 4343 706 4419 μέρη
723 4350 776 4403 τοῦ
796 4341 930 4416 Περσέως
947 4346 979 4399 L.
