<?xml version="1.0" encoding="UTF-8"?>
<!DOCTYPE html PUBLIC "-//W3C//DTD XHTML 1.0 Transitional//EN"
    "http://www.w3.org/TR/xhtml1/DTD/xhtml1-transitional.dtd">
<html xmlns="http://www.w3.org/1999/xhtml" xml:lang="en" lang="en">
 <head>
  <title>
</title>
<meta http-equiv="Content-Type" content="text/html;charset=utf-8" />
  <meta name='ocr-system' content='tesseract 3.04.00' />
  <meta name='ocr-capabilities' content='ocr_page ocr_carea ocr_par ocr_line ocrx_word'/>
</head>
<body>
  <div class='ocr_page' id='page_1' title='image "./aratea00maasgoog_0258.png"; bbox 0 0 3174 5160; ppageno 0'>
   <div class='ocr_carea' id='block_1_1' title="bbox 400 356 1402 418">
    <p class='ocr_par' dir='ltr' id='par_1_1' title="bbox 400 356 1402 418">
     <span class='ocr_line' id='line_1_1' title="bbox 400 356 1402 418; baseline 0.009 -9"><span class='ocrx_word' id='word_1_1' title='bbox 400 356 446 412; x_wconf 91' lang='lat' dir='ltr'><strong>VI.</strong></span> <span class='ocrx_word' id='word_1_2' title='bbox 466 356 665 412; x_wconf 77' lang='lat' dir='ltr'><strong>MEMORIAE</strong></span> <span class='ocrx_word' id='word_1_3' title='bbox 684 356 863 412; x_wconf 79' lang='lat' dir='ltr'><strong>ARATEAE</strong></span> <span class='ocrx_word' id='word_1_4' title='bbox 881 357 930 412; x_wconf 87' lang='lat' dir='ltr'><strong>ET</strong></span> <span class='ocrx_word' id='word_1_5' title='bbox 950 358 1168 416; x_wconf 77' lang='lat' dir='ltr'><strong>HESIODEAE.</strong></span> <span class='ocrx_word' id='word_1_6' title='bbox 1340 359 1402 418; x_wconf 84' lang='grc'><strong>253</strong></span> 
     </span>
    </p>
   </div>
   <div class='ocr_carea' id='block_1_2' title="bbox 148 529 1410 2889">
    <p class='ocr_par' dir='ltr' id='par_1_2' title="bbox 168 529 1403 716">
     <span class='ocr_line' id='line_1_2' title="bbox 168 529 1403 615; baseline 0.001 -19"><span class='ocrx_word' id='word_1_7' title='bbox 168 530 432 607; x_wconf 72' lang='lat' dir='ltr'><strong>contendimns⁶t</strong></span> <span class='ocrx_word' id='word_1_8' title='bbox 483 529 603 595; x_wconf 90' lang='lat' dir='ltr'><strong>Iustam</strong></span> <span class='ocrx_word' id='word_1_9' title='bbox 632 550 744 596; x_wconf 87' lang='lat' dir='ltr'><strong>versus</strong></span> <span class='ocrx_word' id='word_1_10' title='bbox 783 530 824 595; x_wconf 90' lang='lat' dir='ltr'><strong>de</strong></span> <span class='ocrx_word' id='word_1_11' title='bbox 853 529 931 595; x_wconf 90' lang='lat' dir='ltr'><strong>Iove</strong></span> <span class='ocrx_word' id='word_1_12' title='bbox 962 531 1072 597; x_wconf 91' lang='lat' dir='ltr'><strong>Aratei</strong></span> <span class='ocrx_word' id='word_1_13' title='bbox 1109 532 1403 615; x_wconf 78' lang='lat' dir='ltr'><strong>interpretationem</strong></span> 
     </span>
     <span class='ocr_line' id='line_1_3' title="bbox 169 632 575 716; baseline -0.002 -18"><span class='ocrx_word' id='word_1_14' title='bbox 169 633 270 716; x_wconf 90' lang='lat' dir='ltr'><strong>capiti</strong></span> <span class='ocrx_word' id='word_1_15' title='bbox 292 632 368 697; x_wconf 90' lang='lat' dir='ltr'>VIII</span> <span class='ocrx_word' id='word_1_16' title='bbox 391 633 575 698; x_wconf 90' lang='lat' dir='ltr'><strong>inseremus.</strong></span> 
     </span>
    </p>

    <p class='ocr_par' dir='ltr' id='par_1_3' title="bbox 169 733 1404 1119">
     <span class='ocr_line' id='line_1_4' title="bbox 261 733 1401 817; baseline 0.003 -20"><span class='ocrx_word' id='word_1_17' title='bbox 261 735 446 800; x_wconf 78' lang='lat' dir='ltr'><strong>Droursrus</strong></span> <span class='ocrx_word' id='word_1_18' title='bbox 475 733 674 798; x_wconf 74' lang='lat' dir='ltr'><strong>Pnnrnunnl</strong></span> <span class='ocrx_word' id='word_1_19' title='bbox 702 734 831 798; x_wconf 89' lang='lat' dir='ltr'><strong>saeculo</strong></span> <span class='ocrx_word' id='word_1_20' title='bbox 860 753 891 817; x_wconf 88' lang='lat' dir='ltr'><strong>p.</strong></span> <span class='ocrx_word' id='word_1_21' title='bbox 922 733 996 799; x_wconf 78' lang='lat' dir='ltr'><strong>(ihr.</strong></span> <span class='ocrx_word' id='word_1_22' title='bbox 1025 736 1127 799; x_wconf 90' lang='lat' dir='ltr'><strong>altero</strong></span> <span class='ocrx_word' id='word_1_23' title='bbox 1158 736 1296 800; x_wconf 90' lang='lat' dir='ltr'><strong>ieiunam</strong></span> <span class='ocrx_word' id='word_1_24' title='bbox 1328 755 1401 815; x_wconf 84' lang='lat' dir='ltr'><strong>geo·</strong></span> 
     </span>
     <span class='ocr_line' id='line_1_5' title="bbox 170 835 1403 920; baseline 0.002 -20"><span class='ocrx_word' id='word_1_25' title='bbox 170 836 320 920; x_wconf 85' lang='lat' dir='ltr'><strong>graphici</strong></span> <span class='ocrx_word' id='word_1_26' title='bbox 348 836 497 901; x_wconf 89' lang='lat' dir='ltr'><strong>carminis</strong></span> <span class='ocrx_word' id='word_1_27' title='bbox 528 835 766 919; x_wconf 86' lang='lat' dir='ltr'><strong>simplicitatem</strong></span> <span class='ocrx_word' id='word_1_28' title='bbox 797 837 896 900; x_wconf 85' lang='lat' dir='ltr'><strong>variis</strong></span> <span class='ocrx_word' id='word_1_29' title='bbox 926 837 1067 902; x_wconf 82' lang='lat' dir='ltr'><strong>Arateae</strong></span> <span class='ocrx_word' id='word_1_30' title='bbox 1096 856 1233 920; x_wconf 81' lang='lat' dir='ltr'><strong>poeseos</strong></span> <span class='ocrx_word' id='word_1_31' title='bbox 1262 835 1403 902; x_wconf 81' lang='lat' dir='ltr'><strong>floscuIIs</strong></span> 
     </span>
     <span class='ocr_line' id='line_1_6' title="bbox 171 936 1404 1022; baseline -0.001 -19"><span class='ocrx_word' id='word_1_32' title='bbox 171 938 326 1003; x_wconf 87' lang='lat' dir='ltr'><strong>decorare</strong></span> <span class='ocrx_word' id='word_1_33' title='bbox 360 942 393 1002; x_wconf 91' lang='lat' dir='ltr'><strong>et</strong></span> <span class='ocrx_word' id='word_1_34' title='bbox 426 936 623 1019; x_wconf 80' lang='lat' dir='ltr'><strong>distinguere</strong></span> <span class='ocrx_word' id='word_1_35' title='bbox 657 936 788 1001; x_wconf 87' lang='lat' dir='ltr'><strong>studuit.</strong></span> <span class='ocrx_word' id='word_1_36' title='bbox 840 938 888 1002; x_wconf 83' lang='lat' dir='ltr'><strong>Ac</strong></span> <span class='ocrx_word' id='word_1_37' title='bbox 917 938 1056 1020; x_wconf 91' lang='lat' dir='ltr'><strong>primum</strong></span> <span class='ocrx_word' id='word_1_38' title='bbox 1087 938 1217 1020; x_wconf 87' lang='lat' dir='ltr'><strong>quidem</strong></span> <span class='ocrx_word' id='word_1_39' title='bbox 1246 939 1404 1022; x_wconf 86' lang='lat' dir='ltr'><strong>prooemii</strong></span> 
     </span>
     <span class='ocr_line' id='line_1_7' title="bbox 169 1029 860 1119; baseline 0.003 -17"><span class='ocrx_word' id='word_1_40' title='bbox 169 1058 263 1104; x_wconf 91' lang='lat' dir='ltr'><strong>nsum</strong></span> <span class='ocrx_word' id='word_1_41' title='bbox 287 1039 319 1101; x_wconf 93' lang='lat' dir='ltr'><strong>in</strong></span> <span class='ocrx_word' id='word_1_42' title='bbox 339 1029 532 1119; x_wconf 86' lang='lat' dir='ltr'><strong>‘Periegesi’</strong></span> <span class='ocrx_word' id='word_1_43' title='bbox 559 1038 860 1104; x_wconf 79' lang='lat' dir='ltr'><strong>animadvertimus:</strong></span> 
     </span>
    </p>

    <p class='ocr_par' dir='ltr' id='par_1_4' title="bbox 225 1157 1279 1224">
     <span class='ocr_line' id='line_1_8' title="bbox 225 1157 1279 1224; baseline 0.002 -4"><span class='ocrx_word' id='word_1_44' title='bbox 225 1157 412 1223; x_wconf 83' lang='lat' dir='ltr'><strong>Droursrus</strong></span> <span class='ocrx_word' id='word_1_45' title='bbox 434 1176 464 1221; x_wconf 88' lang='lat' dir='ltr'><strong>v.</strong></span> <span class='ocrx_word' id='word_1_46' title='bbox 484 1160 704 1223; x_wconf 86' lang='grc'>1170-1183.</span> <span class='ocrx_word' id='word_1_47' title='bbox 934 1157 1073 1224; x_wconf 80' lang='lat' dir='ltr'><strong>Ansnus</strong></span> <span class='ocrx_word' id='word_1_48' title='bbox 1096 1178 1126 1222; x_wconf 91' lang='lat' dir='ltr'><strong>v.</strong></span> <span class='ocrx_word' id='word_1_49' title='bbox 1146 1162 1279 1222; x_wconf 83' lang='lat'><strong>10-16.</strong></span> 
     </span>
    </p>

    <p class='ocr_par' dir='ltr' id='par_1_5' title="bbox 148 1268 1407 2380">
     <span class='ocr_line' id='line_1_9' title="bbox 172 1268 1400 1361; baseline -0.002 -21"><span class='ocrx_word' id='word_1_50' title='bbox 172 1280 254 1340; x_wconf 87' lang='lat'>1170</span> <span class='ocrx_word' id='word_1_51' title='bbox 275 1269 370 1339; x_wconf 72' lang='grc' dir='ltr'><strong><em>αὐτοὶ</em></strong></span> <span class='ocrx_word' id='word_1_52' title='bbox 392 1271 455 1359; x_wconf 74' lang='grc' dir='ltr'><strong>γάρ</strong></span> <span class='ocrx_word' id='word_1_53' title='bbox 477 1277 532 1339; x_wconf 79' lang='grc' dir='ltr'><strong>καὶ</strong></span> <span class='ocrx_word' id='word_1_54' title='bbox 556 1278 676 1360; x_wconf 79' lang='grc' dir='ltr'><strong><em>πρῶτα</em></strong></span> <span class='ocrx_word' id='word_1_55' title='bbox 699 1280 760 1339; x_wconf 69' lang='grc' dir='ltr'><strong>δε·</strong></span> <span class='ocrx_word' id='word_1_56' title='bbox 816 1280 854 1340; x_wconf 85' lang='grc'><strong>10</strong></span> <span class='ocrx_word' id='word_1_57' title='bbox 877 1268 1003 1349; x_wconf 77' lang='grc' dir='ltr'><strong><em>αὐτὸς</em></strong></span> <span class='ocrx_word' id='word_1_58' title='bbox 1030 1273 1105 1360; x_wconf 79' lang='grc' dir='ltr'><strong>γάρ</strong></span> <span class='ocrx_word' id='word_1_59' title='bbox 1140 1274 1182 1340; x_wconf 92' lang='grc' dir='ltr'><strong><em>τά</em></strong></span> <span class='ocrx_word' id='word_1_60' title='bbox 1211 1300 1247 1360; x_wconf 74' lang='grc' dir='ltr'><strong>με</strong></span> <span class='ocrx_word' id='word_1_61' title='bbox 1278 1268 1400 1361; x_wconf 71' lang='grc' dir='ltr'><strong><em>σήματ’</em></strong></span> 
     </span>
     <span class='ocr_line' id='line_1_10' title="bbox 169 1370 1406 1463; baseline 0.001 -23"><span class='ocrx_word' id='word_1_62' title='bbox 169 1378 285 1458; x_wconf 88' lang='grc' dir='ltr'><strong><em>μείλια</em></strong></span> <span class='ocrx_word' id='word_1_63' title='bbox 329 1376 539 1459; x_wconf 84' lang='grc' dir='ltr'><strong><em>τορνώσαντο</em></strong></span> <span class='ocrx_word' id='word_1_64' title='bbox 589 1380 659 1459; x_wconf 84' lang='lat' dir='ltr'><strong>(dii)</strong></span> <span class='ocrx_word' id='word_1_65' title='bbox 705 1380 761 1442; x_wconf 86' lang='grc' dir='ltr'><strong>καὶ</strong></span> <span class='ocrx_word' id='word_1_66' title='bbox 1027 1375 1060 1442; x_wconf 79' lang='grc' dir='ltr'><strong>ἐν</strong></span> <span class='ocrx_word' id='word_1_67' title='bbox 1084 1370 1214 1462; x_wconf 72' lang='grc' dir='ltr'><strong><em>οὐρανῷ</em></strong></span> <span class='ocrx_word' id='word_1_68' title='bbox 1237 1376 1406 1463; x_wconf 79' lang='grc' dir='ltr'><strong><em>ἐστήριξεν</em></strong></span> 
     </span>
     <span class='ocr_line' id='line_1_11' title="bbox 168 1473 1404 1563; baseline 0.001 -20"><span class='ocrx_word' id='word_1_69' title='bbox 168 1475 284 1562; x_wconf 74' lang='grc' dir='ltr'><strong><em>βαθὺν</em></strong></span> <span class='ocrx_word' id='word_1_70' title='bbox 299 1473 396 1560; x_wconf 79' lang='grc' dir='ltr'><strong><em>οἶμον</em></strong></span> <span class='ocrx_word' id='word_1_71' title='bbox 416 1478 546 1558; x_wconf 81' lang='grc' dir='ltr'><strong><em>ἐ’δειξαν</em></strong></span> <span class='ocrx_word' id='word_1_72' title='bbox 561 1473 761 1563; x_wconf 82' lang='grc' dir='ltr'><strong><em>ἀμετρήτοισ</em></strong></span> <span class='ocrx_word' id='word_1_73' title='bbox 815 1473 948 1560; x_wconf 84' lang='grc' dir='ltr'><strong><em>ἀστρα</em></strong></span> <span class='ocrx_word' id='word_1_74' title='bbox 972 1478 1207 1561; x_wconf 77' lang='grc' dir='ltr'><strong><em>διακρίνας·</em></strong></span> <span class='ocrx_word' id='word_1_75' title='bbox 1239 1477 1404 1559; x_wconf 76' lang='grc' dir='ltr'><strong><em>ἐσκέψατο</em></strong></span> 
     </span>
     <span class='ocr_line' id='line_1_12' title="bbox 170 1573 1406 1666; baseline 0.002 -22"><span class='ocrx_word' id='word_1_76' title='bbox 170 1579 365 1666; x_wconf 76' lang='grc' dir='ltr'><strong><em>θαλάσσης·</em></strong></span> <span class='ocrx_word' id='word_1_77' title='bbox 395 1573 514 1647; x_wconf 76' lang='grc' dir='ltr'><strong><em>αὐτοὶ</em></strong></span> <span class='ocrx_word' id='word_1_78' title='bbox 538 1574 570 1645; x_wconf 76' lang='grc' dir='ltr'><strong>δ’</strong></span> <span class='ocrx_word' id='word_1_79' title='bbox 596 1581 763 1665; x_wconf 71' lang='grc' dir='ltr'><strong><em>ἔμπεδα</em></strong></span> <span class='ocrx_word' id='word_1_80' title='bbox 1126 1574 1157 1644; x_wconf 75' lang='grc' dir='ltr'><strong>δ’</strong></span> <span class='ocrx_word' id='word_1_81' title='bbox 1185 1581 1233 1658; x_wconf 85' lang='grc' dir='ltr'><strong>εἷς</strong></span> <span class='ocrx_word' id='word_1_82' title='bbox 1256 1579 1406 1647; x_wconf 76' lang='grc' dir='ltr'><strong><em>ἐνιαυτόν</em></strong></span> 
     </span>
     <span class='ocr_line' id='line_1_13' title="bbox 171 1675 1405 1769; baseline 0.002 -23"><span class='ocrx_word' id='word_1_83' title='bbox 171 1682 326 1747; x_wconf 90' lang='grc' dir='ltr'><strong><em>πάντα</em></strong></span> <span class='ocrx_word' id='word_1_84' title='bbox 358 1686 446 1766; x_wconf 72' lang='grc' dir='ltr'><strong><em>’βίην</em></strong></span> <span class='ocrx_word' id='word_1_85' title='bbox 482 1682 763 1769; x_wconf 61' lang='grc' dir='ltr'><strong><em>διετεκμήραντο</em></strong></span> <span class='ocrx_word' id='word_1_86' title='bbox 817 1675 975 1764; x_wconf 81' lang='grc' dir='ltr'><strong><em>ἀστέρας,</em></strong></span> <span class='ocrx_word' id='word_1_87' title='bbox 1009 1680 1044 1746; x_wconf 78' lang='grc' dir='ltr'><strong>οἵ</strong></span> <span class='ocrx_word' id='word_1_88' title='bbox 1064 1706 1100 1746; x_wconf 85' lang='grc' dir='ltr'><strong>κε</strong></span> <span class='ocrx_word' id='word_1_89' title='bbox 1125 1681 1271 1764; x_wconf 87' lang='grc' dir='ltr'><strong><em>μάλιστα</em></strong></span> <span class='ocrx_word' id='word_1_90' title='bbox 1293 1708 1405 1767; x_wconf 79' lang='grc' dir='ltr'><strong><em>τεταγ-</em></strong></span> 
     </span>
     <span class='ocr_line' id='line_1_14' title="bbox 172 1779 1406 1873; baseline 0 -25"><span class='ocrx_word' id='word_1_91' title='bbox 172 1779 303 1869; x_wconf 82' lang='grc' dir='ltr'><strong><em>άστρα</em></strong></span> <span class='ocrx_word' id='word_1_92' title='bbox 333 1783 646 1872; x_wconf 80' lang='grc' dir='ltr'><strong><em>διακρίναντες·</em></strong></span> <span class='ocrx_word' id='word_1_93' title='bbox 670 1784 764 1873; x_wconf 77' lang='grc' dir='ltr'><strong><em>ἒκλη·</em></strong></span> <span class='ocrx_word' id='word_1_94' title='bbox 1096 1788 1179 1866; x_wconf 78' lang='grc' dir='ltr'><strong><em>μένα</em></strong></span> <span class='ocrx_word' id='word_1_95' title='bbox 1213 1792 1406 1872; x_wconf 79' lang='grc' dir='ltr'><strong><em>σημαίνοιεν</em></strong></span> 
     </span>
     <span class='ocr_line' id='line_1_15' title="bbox 171 1877 1407 1972; baseline 0.001 -23"><span class='ocrx_word' id='word_1_96' title='bbox 171 1885 324 1969; x_wconf 82' lang='grc' dir='ltr'><strong><em>ρώσαντο</em></strong></span> <span class='ocrx_word' id='word_1_97' title='bbox 346 1878 379 1949; x_wconf 62' lang='grc' dir='ltr'><strong>δ1</strong></span> <span class='ocrx_word' id='word_1_98' title='bbox 399 1882 526 1972; x_wconf 79' lang='grc' dir='ltr'><strong><em>ἑκάστῳ</em></strong></span> <span class='ocrx_word' id='word_1_99' title='bbox 541 1901 664 1970; x_wconf 89' lang='grc' dir='ltr'><strong><em>μοῖραν</em></strong></span> <span class='ocrx_word' id='word_1_100' title='bbox 680 1888 765 1970; x_wconf 69' lang='grc' dir='ltr'><strong><em>ἔχειν</em></strong></span> <span class='ocrx_word' id='word_1_101' title='bbox 818 1878 978 1968; x_wconf 75' lang='grc' dir='ltr'><strong><em>ἀνδράσιν</em></strong></span> <span class='ocrx_word' id='word_1_102' title='bbox 993 1879 1125 1966; x_wconf 74' lang='grc' dir='ltr'><strong><em>(ἀράων,</em></strong></span> <span class='ocrx_word' id='word_1_103' title='bbox 1142 1877 1224 1969; x_wconf 73' lang='grc' dir='ltr'><strong><em>ὄφρ’</em></strong></span> <span class='ocrx_word' id='word_1_104' title='bbox 1251 1884 1407 1968; x_wconf 71' lang='grc' dir='ltr'><strong><em>ἔμπεδα</em></strong></span> 
     </span>
     <span class='ocr_line' id='line_1_16' title="bbox 171 1979 1405 2078; baseline 0.003 -27"><span class='ocrx_word' id='word_1_105' title='bbox 171 1987 315 2053; x_wconf 88' lang='grc' dir='ltr'><strong><em>πόντοιο</em></strong></span> <span class='ocrx_word' id='word_1_106' title='bbox 345 1989 399 2051; x_wconf 81' lang='grc' dir='ltr'><strong>καὶ</strong></span> <span class='ocrx_word' id='word_1_107' title='bbox 423 1979 578 2071; x_wconf 79' lang='grc' dir='ltr'><strong><em>ἠπείροιο</em></strong></span> <span class='ocrx_word' id='word_1_108' title='bbox 609 1995 763 2078; x_wconf 75' lang='grc' dir='ltr'><strong><em>βαθείης.</em></strong></span> <span class='ocrx_word' id='word_1_109' title='bbox 858 2042 862 2047; x_wconf 81' lang='grc'>.</span> <span class='ocrx_word' id='word_1_110' title='bbox 1080 1985 1216 2051; x_wconf 81' lang='grc' dir='ltr'><strong><em>πάντα</em></strong></span> <span class='ocrx_word' id='word_1_111' title='bbox 1244 1986 1405 2075; x_wconf 82' lang='grc' dir='ltr'><strong><em>φύωνται.</em></strong></span> 
     </span>
     <span class='ocr_line' id='line_1_17' title="bbox 148 2081 1406 2180; baseline -0.002 -25"><span class='ocrx_word' id='word_1_112' title='bbox 148 2089 151 2095; x_wconf 80' lang='grc'><strong>’</strong></span> <span class='ocrx_word' id='word_1_113' title='bbox 176 2095 258 2156; x_wconf 85' lang='grc'>1175</span> <span class='ocrx_word' id='word_1_114' title='bbox 288 2091 337 2174; x_wconf 78' lang='grc' dir='ltr'><strong><em>τῷ</em></strong></span> <span class='ocrx_word' id='word_1_115' title='bbox 366 2088 408 2176; x_wconf 84' lang='grc' dir='ltr'><strong>ῥα</strong></span> <span class='ocrx_word' id='word_1_116' title='bbox 436 2092 491 2155; x_wconf 84' lang='grc' dir='ltr'><strong>καὶ</strong></span> <span class='ocrx_word' id='word_1_117' title='bbox 521 2083 658 2180; x_wconf 78' lang='grc' dir='ltr'><strong><em>ἀλλοίην</em></strong></span> <span class='ocrx_word' id='word_1_118' title='bbox 686 2093 764 2179; x_wconf 67' lang='lat' dir='ltr'><strong>(ivo-</strong></span> <span class='ocrx_word' id='word_1_119' title='bbox 817 2091 865 2172; x_wconf 69' lang='grc' dir='ltr'><strong><em>τῷ</em></strong></span> <span class='ocrx_word' id='word_1_120' title='bbox 887 2114 944 2169; x_wconf 91' lang='grc' dir='ltr'><strong>μιν</strong></span> <span class='ocrx_word' id='word_1_121' title='bbox 964 2081 1017 2154; x_wconf 85' lang='grc' dir='ltr'><strong>ἀεὶ</strong></span> <span class='ocrx_word' id='word_1_122' title='bbox 1035 2087 1171 2168; x_wconf 80' lang='grc' dir='ltr'><strong><em>πρῶτόν</em></strong></span> <span class='ocrx_word' id='word_1_123' title='bbox 1186 2113 1223 2153; x_wconf 85' lang='grc' dir='ltr'><strong><em>τε</em></strong></span> <span class='ocrx_word' id='word_1_124' title='bbox 1237 2093 1291 2155; x_wconf 82' lang='grc' dir='ltr'><strong>καί</strong></span> <span class='ocrx_word' id='word_1_125' title='bbox 1305 2083 1406 2154; x_wconf 71' lang='grc' dir='ltr'><strong><em>ἀστα-</em></strong></span> 
     </span>
     <span class='ocr_line' id='line_1_18' title="bbox 172 2188 1406 2281; baseline 0 -25"><span class='ocrx_word' id='word_1_126' title='bbox 172 2193 239 2274; x_wconf 83' lang='grc' dir='ltr'><strong>μοῦ</strong></span> <span class='ocrx_word' id='word_1_127' title='bbox 261 2189 364 2277; x_wconf 82' lang='grc' dir='ltr'><strong><em>φύσιν</em></strong></span> <span class='ocrx_word' id='word_1_128' title='bbox 380 2188 493 2271; x_wconf 70' lang='grc' dir='ltr'><strong><em>δ’λλαχ’</em></strong></span> <span class='ocrx_word' id='word_1_129' title='bbox 518 2189 637 2281; x_wconf 77' lang='grc' dir='ltr'><strong><em>ἑκάστη</em></strong></span> <span class='ocrx_word' id='word_1_130' title='bbox 656 2243 763 2259; x_wconf 93' lang='grc'><strong>.....</strong></span> <span class='ocrx_word' id='word_1_131' title='bbox 1122 2215 1180 2255; x_wconf 89' lang='grc' dir='ltr'><strong><em>τον</em></strong></span> <span class='ocrx_word' id='word_1_132' title='bbox 1204 2190 1406 2256; x_wconf 80' lang='grc' dir='ltr'><strong><em>ἱλάσκονται.</em></strong></span> 
     </span>
     <span class='ocr_line' id='line_1_19' title="bbox 174 2284 765 2380; baseline 0.01 -25"><span class='ocrx_word' id='word_1_133' title='bbox 174 2285 275 2358; x_wconf 83' lang='grc' dir='ltr'><strong><em>ἀλλαι</em></strong></span> <span class='ocrx_word' id='word_1_134' title='bbox 290 2284 322 2356; x_wconf 79' lang='grc' dir='ltr'><strong>δ’</strong></span> <span class='ocrx_word' id='word_1_135' title='bbox 339 2285 487 2358; x_wconf 88' lang='grc' dir='ltr'><strong><em>ἀλλοῖαι·</em></strong></span> <span class='ocrx_word' id='word_1_136' title='bbox 505 2291 570 2372; x_wconf 83' lang='grc' dir='ltr'><strong><em>τιδς</em></strong></span> <span class='ocrx_word' id='word_1_137' title='bbox 584 2295 647 2380; x_wconf 77' lang='grc' dir='ltr'><strong>γάρ</strong></span> <span class='ocrx_word' id='word_1_138' title='bbox 663 2301 765 2380; x_wconf 81' lang='grc' dir='ltr'><strong><em>μέγας</em></strong></span> 
     </span>
    </p>

    <p class='ocr_par' dir='ltr' id='par_1_6' title="bbox 176 2391 1197 2480">
     <span class='ocr_line' id='line_1_20' title="bbox 176 2391 1197 2480; baseline 0.001 -23"><span class='ocrx_word' id='word_1_139' title='bbox 176 2391 348 2480; x_wconf 75' lang='grc' dir='ltr'><strong><em>ἐφράσατο</em></strong></span> <span class='ocrx_word' id='word_1_140' title='bbox 371 2393 495 2472; x_wconf 64' lang='lat' dir='ltr'><strong>leoga.</strong></span> <span class='ocrx_word' id='word_1_141' title='bbox 1194 2454 1197 2458; x_wconf 86' lang='lat'><strong>.</strong></span> 
     </span>
    </p>

    <p class='ocr_par' dir='ltr' id='par_1_7' title="bbox 174 2495 1410 2889">
     <span class='ocr_line' id='line_1_21' title="bbox 259 2495 1408 2582; baseline 0.002 -22"><span class='ocrx_word' id='word_1_142' title='bbox 259 2495 350 2561; x_wconf 90' lang='lat' dir='ltr'><strong>Idem</strong></span> <span class='ocrx_word' id='word_1_143' title='bbox 380 2500 578 2582; x_wconf 91' lang='lat' dir='ltr'><strong>prooemium</strong></span> <span class='ocrx_word' id='word_1_144' title='bbox 607 2501 709 2565; x_wconf 92' lang='lat' dir='ltr'><strong>altero</strong></span> <span class='ocrx_word' id='word_1_145' title='bbox 740 2506 814 2564; x_wconf 89' lang='lat' dir='ltr'><strong>ante</strong></span> <span class='ocrx_word' id='word_1_146' title='bbox 838 2498 912 2564; x_wconf 81' lang='lat' dir='ltr'><strong>Chr.</strong></span> <span class='ocrx_word' id='word_1_147' title='bbox 943 2499 1073 2563; x_wconf 87' lang='lat' dir='ltr'><strong>saeculo</strong></span> <span class='ocrx_word' id='word_1_148' title='bbox 1098 2501 1335 2565; x_wconf 84' lang='lat' dir='ltr'><strong>Anrsnonnnus</strong></span> <span class='ocrx_word' id='word_1_149' title='bbox 1357 2500 1408 2562; x_wconf 92' lang='lat' dir='ltr'><strong>Iu-</strong></span> 
     </span>
     <span class='ocr_line' id='line_1_22' title="bbox 174 2591 1408 2684; baseline 0.002 -22"><span class='ocrx_word' id='word_1_150' title='bbox 174 2597 286 2679; x_wconf 89' lang='lat' dir='ltr'><strong>daeus,</strong></span> <span class='ocrx_word' id='word_1_151' title='bbox 310 2599 363 2664; x_wconf 87' lang='lat' dir='ltr'><strong>vel</strong></span> <span class='ocrx_word' id='word_1_152' title='bbox 386 2602 412 2664; x_wconf 92' lang='lat' dir='ltr'><strong>si</strong></span> <span class='ocrx_word' id='word_1_153' title='bbox 437 2603 508 2684; x_wconf 94' lang='lat' dir='ltr'><strong>quis</strong></span> <span class='ocrx_word' id='word_1_154' title='bbox 523 2603 606 2667; x_wconf 90' lang='lat' dir='ltr'><strong>alius</strong></span> <span class='ocrx_word' id='word_1_155' title='bbox 619 2594 874 2667; x_wconf 80' lang='lat' dir='ltr'><strong>‘Testamentum</strong></span> <span class='ocrx_word' id='word_1_156' title='bbox 892 2591 1027 2682; x_wconf 85' lang='lat' dir='ltr'><strong>Orphei&#39;</strong></span> <span class='ocrx_word' id='word_1_157' title='bbox 1056 2599 1207 2666; x_wconf 88' lang='lat' dir='ltr'><strong>conflavit</strong></span> <span class='ocrx_word' id='word_1_158' title='bbox 1229 2603 1270 2666; x_wconf 90' lang='lat' dir='ltr'><strong>ab</strong></span> <span class='ocrx_word' id='word_1_159' title='bbox 1287 2602 1408 2666; x_wconf 83' lang='lat' dir='ltr'><strong>Aristo-</strong></span> 
     </span>
     <span class='ocr_line' id='line_1_23' title="bbox 175 2699 1408 2786; baseline 0.002 -22"><span class='ocrx_word' id='word_1_160' title='bbox 175 2699 252 2765; x_wconf 91' lang='lat' dir='ltr'><strong>bulo</strong></span> <span class='ocrx_word' id='word_1_161' title='bbox 266 2701 371 2783; x_wconf 91' lang='lat' dir='ltr'><strong>primo</strong></span> <span class='ocrx_word' id='word_1_162' title='bbox 386 2723 426 2768; x_wconf 89' lang='lat' dir='ltr'><strong>ac</strong></span> <span class='ocrx_word' id='word_1_163' title='bbox 441 2705 510 2770; x_wconf 89' lang='lat' dir='ltr'><strong>solo</strong></span> <span class='ocrx_word' id='word_1_164' title='bbox 526 2705 653 2783; x_wconf 86' lang='lat' dir='ltr'><strong>lectum,</strong></span> <span class='ocrx_word' id='word_1_165' title='bbox 672 2704 813 2768; x_wconf 90' lang='lat' dir='ltr'><strong>imitatus</strong></span> <span class='ocrx_word' id='word_1_166' title='bbox 830 2708 887 2767; x_wconf 88' lang='lat' dir='ltr'><strong>est.</strong></span> <span class='ocrx_word' id='word_1_167' title='bbox 920 2702 1034 2766; x_wconf 83' lang='lat' dir='ltr'><strong>illucet</strong></span> <span class='ocrx_word' id='word_1_168' title='bbox 1049 2704 1096 2767; x_wconf 91' lang='lat' dir='ltr'><strong>rei</strong></span> <span class='ocrx_word' id='word_1_169' title='bbox 1113 2702 1190 2786; x_wconf 90' lang='lat' dir='ltr'><strong>quid</strong></span> <span class='ocrx_word' id='word_1_170' title='bbox 1206 2705 1257 2781; x_wconf 91' lang='lat' dir='ltr'><strong>sit,</strong></span> <span class='ocrx_word' id='word_1_171' title='bbox 1281 2704 1408 2769; x_wconf 88' lang='lat' dir='ltr'><strong>tametsi</strong></span> 
     </span>
     <span class='ocr_line' id='line_1_24' title="bbox 175 2797 1410 2889; baseline 0.003 -23"><span class='ocrx_word' id='word_1_172' title='bbox 175 2821 216 2867; x_wconf 92' lang='lat' dir='ltr'><strong>ne</strong></span> <span class='ocrx_word' id='word_1_173' title='bbox 243 2802 489 2881; x_wconf 83' lang='lat' dir='ltr'><strong>Valckenario⁷)</strong></span> <span class='ocrx_word' id='word_1_174' title='bbox 519 2805 650 2889; x_wconf 89' lang='lat' dir='ltr'><strong>quidem</strong></span> <span class='ocrx_word' id='word_1_175' title='bbox 678 2825 739 2869; x_wconf 92' lang='lat' dir='ltr'><strong>nec</strong></span> <span class='ocrx_word' id='word_1_176' title='bbox 769 2803 1023 2869; x_wconf 82' lang='lat' dir='ltr'><strong>Frendenthalio</strong></span> <span class='ocrx_word' id='word_1_177' title='bbox 1055 2797 1174 2879; x_wconf 83' lang='lat' dir='ltr'><strong>(‘Stud.</strong></span> <span class='ocrx_word' id='word_1_178' title='bbox 1200 2798 1410 2877; x_wconf 63' lang='lat' dir='ltr'><strong>hellenistfl</strong></span> 
     </span>
    </p>
   </div>
   <div class='ocr_carea' id='block_1_3' title="bbox 153 2951 1411 4377">
    <p class='ocr_par' dir='ltr' id='par_1_8' title="bbox 175 2951 1410 3360">
     <span class='ocr_line' id='line_1_25' title="bbox 262 2951 1409 3023; baseline 0.002 -18"><span class='ocrx_word' id='word_1_179' title='bbox 262 2951 383 3017; x_wconf 65' lang='lat' dir='ltr'><strong>‘tingit</strong></span> <span class='ocrx_word' id='word_1_180' title='bbox 405 2969 495 3007; x_wconf 82' lang='lat' dir='ltr'><strong>verum</strong></span> <span class='ocrx_word' id='word_1_181' title='bbox 514 2955 587 3023; x_wconf 88' lang='lat' dir='ltr'><strong>quod</strong></span> <span class='ocrx_word' id='word_1_182' title='bbox 607 2961 648 3008; x_wconf 91' lang='lat' dir='ltr'><strong>est</strong></span> <span class='ocrx_word' id='word_1_183' title='bbox 666 2953 706 3006; x_wconf 86' lang='lat' dir='ltr'><strong>vel</strong></span> <span class='ocrx_word' id='word_1_184' title='bbox 725 2953 865 3021; x_wconf 82' lang='lat' dir='ltr'><strong>Hugonem</strong></span> <span class='ocrx_word' id='word_1_185' title='bbox 885 2951 1024 3016; x_wconf 81' lang='lat' dir='ltr'><strong>Grotium‚</strong></span> <span class='ocrx_word' id='word_1_186' title='bbox 1043 2953 1211 3019; x_wconf 89' lang='lat' dir='ltr'><strong>praeclarum</strong></span> <span class='ocrx_word' id='word_1_187' title='bbox 1229 2954 1309 3006; x_wconf 86' lang='lat' dir='ltr'><strong>Arati</strong></span> <span class='ocrx_word' id='word_1_188' title='bbox 1326 2956 1409 3007; x_wconf 90' lang='lat' dir='ltr'><strong>inter·</strong></span> 
     </span>
     <span class='ocr_line' id='line_1_26' title="bbox 175 3036 1410 3108; baseline 0 -20"><span class='ocrx_word' id='word_1_189' title='bbox 175 3040 286 3104; x_wconf 73' lang='lat' dir='ltr'><strong>pretem.</strong></span> <span class='ocrx_word' id='word_1_190' title='bbox 322 3038 388 3087; x_wconf 87' lang='lat' dir='ltr'><strong>Non</strong></span> <span class='ocrx_word' id='word_1_191' title='bbox 407 3044 478 3090; x_wconf 85' lang='lat' dir='ltr'><strong>male</strong></span> <span class='ocrx_word' id='word_1_192' title='bbox 499 3040 586 3108; x_wconf 82' lang='lat' dir='ltr'><strong>inqult</strong></span> <span class='ocrx_word' id='word_1_193' title='bbox 603 3059 632 3089; x_wconf 81' lang='lat' dir='ltr'><strong>eo</strong></span> <span class='ocrx_word' id='word_1_194' title='bbox 646 3044 735 3104; x_wconf 80' lang='lat' dir='ltr'><strong>possit</strong></span> <span class='ocrx_word' id='word_1_195' title='bbox 757 3041 877 3106; x_wconf 77' lang='lat' dir='ltr'><strong>referri,</strong></span> <span class='ocrx_word' id='word_1_196' title='bbox 904 3040 978 3103; x_wconf 85' lang='lat' dir='ltr'><strong>quod</strong></span> <span class='ocrx_word' id='word_1_197' title='bbox 996 3036 1130 3102; x_wconf 75' lang='lat' dir='ltr'><strong>Juppr&#39;ter</strong></span> <span class='ocrx_word' id='word_1_198' title='bbox 1148 3042 1184 3087; x_wconf 85' lang='lat' dir='ltr'><strong>sit</strong></span> <span class='ocrx_word' id='word_1_199' title='bbox 1204 3040 1253 3087; x_wconf 87' lang='lat' dir='ltr'><strong>Sol</strong></span> <span class='ocrx_word' id='word_1_200' title='bbox 1269 3044 1410 3090; x_wconf 80' lang='lat' dir='ltr'><strong>norrnullr&#39;s</strong></span> 
     </span>
     <span class='ocr_line' id='line_1_27' title="bbox 177 3117 1409 3193; baseline -0.002 -17"><span class='ocrx_word' id='word_1_201' title='bbox 177 3128 204 3171; x_wconf 81' lang='lat' dir='ltr'><strong>et</strong></span> <span class='ocrx_word' id='word_1_202' title='bbox 219 3117 419 3193; x_wconf 79' lang='grc' dir='ltr'><strong><em>πρωτογόνος.</em></strong></span> <span class='ocrx_word' id='word_1_203' title='bbox 456 3124 587 3188; x_wconf 81' lang='lat' dir='ltr'><strong>Capellae</strong></span> <span class='ocrx_word' id='word_1_204' title='bbox 604 3123 744 3178; x_wconf 69' lang='lat' dir='ltr'><strong>(Martiani</strong></span> <span class='ocrx_word' id='word_1_205' title='bbox 763 3138 869 3177; x_wconf 85' lang='lat' dir='ltr'><strong>versum</strong></span> <span class='ocrx_word' id='word_1_206' title='bbox 887 3120 1023 3189; x_wconf 82' lang='lat' dir='ltr'><strong>significat</strong></span> <span class='ocrx_word' id='word_1_207' title='bbox 1042 3122 1068 3173; x_wconf 95' lang='lat' dir='ltr'><strong>ll</strong></span> <span class='ocrx_word' id='word_1_208' title='bbox 1090 3125 1136 3174; x_wconf 83' lang='grc'>185</span> <span class='ocrx_word' id='word_1_209' title='bbox 1155 3139 1181 3189; x_wconf 90' lang='lat' dir='ltr'><strong>p.</strong></span> <span class='ocrx_word' id='word_1_210' title='bbox 1196 3126 1228 3174; x_wconf 89' lang='grc'>48</span> <span class='ocrx_word' id='word_1_211' title='bbox 1248 3123 1326 3190; x_wconf 82' lang='lat' dir='ltr'><strong>Eyss.</strong></span> <span class='ocrx_word' id='word_1_212' title='bbox 1346 3123 1409 3174; x_wconf 87' lang='lat' dir='ltr'><strong>hinc</strong></span> 
     </span>
     <span class='ocr_line' id='line_1_28' title="bbox 176 3201 1408 3276; baseline -0.002 -19"><span class='ocrx_word' id='word_1_213' title='bbox 176 3219 287 3273; x_wconf 81' lang='lat' dir='ltr'><strong>prorsus</strong></span> <span class='ocrx_word' id='word_1_214' title='bbox 305 3205 506 3270; x_wconf 75' lang='lat' dir='ltr'><strong>abhorrentem)</strong></span> <span class='ocrx_word' id='word_1_215' title='bbox 530 3212 633 3259; x_wconf 80' lang='lat' dir='ltr'><strong>dicitur</strong></span> <span class='ocrx_word' id='word_1_216' title='bbox 652 3206 755 3273; x_wconf 78' lang='lat' dir='ltr'><strong>‘prima</strong></span> <span class='ocrx_word' id='word_1_217' title='bbox 771 3201 923 3273; x_wconf 75' lang='lat' dir='ltr'><strong>propugo’,</strong></span> <span class='ocrx_word' id='word_1_218' title='bbox 951 3210 1000 3255; x_wconf 82' lang='lat' dir='ltr'><strong>hoc</strong></span> <span class='ocrx_word' id='word_1_219' title='bbox 1024 3215 1064 3255; x_wconf 85' lang='lat' dir='ltr'><strong>est</strong></span> <span class='ocrx_word' id='word_1_220' title='bbox 1089 3211 1127 3256; x_wconf 87' lang='lat' dir='ltr'><strong>ad</strong></span> <span class='ocrx_word' id='word_1_221' title='bbox 1152 3211 1262 3256; x_wconf 81' lang='lat' dir='ltr'><strong>verbum</strong></span> <span class='ocrx_word' id='word_1_222' title='bbox 1280 3205 1408 3276; x_wconf 78' lang='grc' dir='ltr'><strong><em>προτέρα</em></strong></span> 
     </span>
     <span class='ocr_line' id='line_1_29' title="bbox 176 3285 758 3360; baseline -0.002 -15"><span class='ocrx_word' id='word_1_223' title='bbox 176 3285 269 3360; x_wconf 81' lang='grc' dir='ltr'><strong><em>γενεά.</em></strong></span> <span class='ocrx_word' id='word_1_224' title='bbox 305 3290 390 3344; x_wconf 93' lang='lat' dir='ltr'><strong>Immo</strong></span> <span class='ocrx_word' id='word_1_225' title='bbox 406 3296 488 3356; x_wconf 81' lang='lat' dir='ltr'><strong>prior</strong></span> <span class='ocrx_word' id='word_1_226' title='bbox 501 3301 632 3358; x_wconf 75' lang='lat' dir='ltr'><strong>propago</strong></span> <span class='ocrx_word' id='word_1_227' title='bbox 649 3291 758 3346; x_wconf 85' lang='lat' dir='ltr'><strong>fuisset!</strong></span> 
     </span>
    </p>

    <p class='ocr_par' dir='ltr' id='par_1_9' title="bbox 153 3370 1411 3954">
     <span class='ocr_line' id='line_1_30' title="bbox 261 3370 1409 3445; baseline 0 -18"><span class='ocrx_word' id='word_1_228' title='bbox 261 3370 285 3439; x_wconf 63' lang='lat' dir='ltr'><strong>‘ly&#39;</strong></span> <span class='ocrx_word' id='word_1_229' title='bbox 300 3373 411 3428; x_wconf 92' lang='lat' dir='ltr'><strong>Dudum</strong></span> <span class='ocrx_word' id='word_1_230' title='bbox 428 3383 483 3442; x_wconf 88' lang='lat' dir='ltr'><strong>est,</strong></span> <span class='ocrx_word' id='word_1_231' title='bbox 503 3391 565 3430; x_wconf 89' lang='lat' dir='ltr'><strong>cum</strong></span> <span class='ocrx_word' id='word_1_232' title='bbox 584 3376 706 3445; x_wconf 83' lang='lat' dir='ltr'><strong>Dionysii</strong></span> <span class='ocrx_word' id='word_1_233' title='bbox 724 3377 904 3430; x_wconf 79' lang='lat' dir='ltr'><strong>Imitationem</strong></span> <span class='ocrx_word' id='word_1_234' title='bbox 923 3375 1054 3428; x_wconf 86' lang='lat' dir='ltr'><strong>Arateam</strong></span> <span class='ocrx_word' id='word_1_235' title='bbox 1073 3376 1210 3442; x_wconf 89' lang='lat' dir='ltr'><strong>persecuti</strong></span> <span class='ocrx_word' id='word_1_236' title='bbox 1228 3391 1330 3428; x_wconf 88' lang='lat' dir='ltr'><strong>snmus.</strong></span> <span class='ocrx_word' id='word_1_237' title='bbox 1367 3377 1409 3427; x_wconf 91' lang='lat' dir='ltr'><strong>ln-</strong></span> 
     </span>
     <span class='ocr_line' id='line_1_31' title="bbox 177 3453 1411 3530; baseline 0 -18"><span class='ocrx_word' id='word_1_238' title='bbox 177 3459 253 3513; x_wconf 82' lang='lat' dir='ltr'><strong>terim</strong></span> <span class='ocrx_word' id='word_1_239' title='bbox 275 3466 303 3513; x_wconf 88' lang='lat' dir='ltr'><strong>et</strong></span> <span class='ocrx_word' id='word_1_240' title='bbox 327 3459 465 3515; x_wconf 83' lang='lat' dir='ltr'><strong>Anhntius</strong></span> <span class='ocrx_word' id='word_1_241' title='bbox 488 3461 701 3529; x_wconf 82' lang='lat' dir='ltr'><strong>Regimontanus</strong></span> <span class='ocrx_word' id='word_1_242' title='bbox 725 3455 781 3526; x_wconf 84' lang='lat' dir='ltr'><strong>(‘In</strong></span> <span class='ocrx_word' id='word_1_243' title='bbox 806 3460 965 3530; x_wconf 88' lang='lat' dir='ltr'><strong>Dionysium</strong></span> <span class='ocrx_word' id='word_1_244' title='bbox 991 3453 1171 3526; x_wconf 86' lang='lat' dir='ltr'><strong>Periegetam&#39;</strong></span> <span class='ocrx_word' id='word_1_245' title='bbox 1197 3463 1262 3514; x_wconf 86' lang='lat'>1888</span> <span class='ocrx_word' id='word_1_246' title='bbox 1281 3476 1308 3528; x_wconf 90' lang='lat' dir='ltr'><strong>p.</strong></span> <span class='ocrx_word' id='word_1_247' title='bbox 1324 3464 1366 3524; x_wconf 79' lang='lat'><strong>12)</strong></span> <span class='ocrx_word' id='word_1_248' title='bbox 1383 3468 1411 3514; x_wconf 89' lang='lat' dir='ltr'><strong>et</strong></span> 
     </span>
     <span class='ocr_line' id='line_1_32' title="bbox 178 3539 1411 3614; baseline 0 -16"><span class='ocrx_word' id='word_1_249' title='bbox 178 3543 214 3598; x_wconf 84' lang='lat' dir='ltr'><strong>M.</strong></span> <span class='ocrx_word' id='word_1_250' title='bbox 226 3544 408 3599; x_wconf 88' lang='lat' dir='ltr'><strong>Schneiderus</strong></span> <span class='ocrx_word' id='word_1_251' title='bbox 420 3541 565 3606; x_wconf 73' lang='lat' dir='ltr'><strong>I‘Berlmer</strong></span> <span class='ocrx_word' id='word_1_252' title='bbox 577 3546 671 3614; x_wconf 92' lang='lat' dir='ltr'><strong>philol.</strong></span> <span class='ocrx_word' id='word_1_253' title='bbox 683 3539 919 3600; x_wconf 86' lang='lat' dir='ltr'><strong>Wochenschrift’</strong></span> <span class='ocrx_word' id='word_1_254' title='bbox 934 3548 999 3600; x_wconf 82' lang='lat'>1888</span> <span class='ocrx_word' id='word_1_255' title='bbox 1013 3561 1040 3611; x_wconf 93' lang='lat' dir='ltr'><strong>p.</strong></span> <span class='ocrx_word' id='word_1_256' title='bbox 1057 3547 1133 3610; x_wconf 77' lang='grc'>1162)</span> <span class='ocrx_word' id='word_1_257' title='bbox 1145 3547 1266 3612; x_wconf 85' lang='lat' dir='ltr'><strong>exempla</strong></span> <span class='ocrx_word' id='word_1_258' title='bbox 1280 3547 1411 3598; x_wconf 88' lang='lat' dir='ltr'><strong>nonnulla</strong></span> 
     </span>
     <span class='ocr_line' id='line_1_33' title="bbox 179 3629 1411 3699; baseline 0.003 -19"><span class='ocrx_word' id='word_1_259' title='bbox 179 3629 347 3699; x_wconf 77' lang='lat' dir='ltr'><strong>Dionysiana</strong></span> <span class='ocrx_word' id='word_1_260' title='bbox 365 3630 400 3684; x_wconf 91' lang='lat' dir='ltr'><strong>ad</strong></span> <span class='ocrx_word' id='word_1_261' title='bbox 418 3631 532 3684; x_wconf 83' lang='lat' dir='ltr'><strong>Aratum</strong></span> <span class='ocrx_word' id='word_1_262' title='bbox 551 3634 707 3698; x_wconf 81' lang='lat' dir='ltr'><strong>exegerunt.</strong></span> <span class='ocrx_word' id='word_1_263' title='bbox 745 3631 838 3684; x_wconf 88' lang='lat' dir='ltr'><strong>Nihilo</strong></span> <span class='ocrx_word' id='word_1_264' title='bbox 862 3637 951 3684; x_wconf 91' lang='lat' dir='ltr'><strong>tamen</strong></span> <span class='ocrx_word' id='word_1_265' title='bbox 973 3630 1060 3684; x_wconf 91' lang='lat' dir='ltr'><strong>secius</strong></span> <span class='ocrx_word' id='word_1_266' title='bbox 1079 3630 1253 3698; x_wconf 86' lang='lat' dir='ltr'><strong>protulimus,</strong></span> <span class='ocrx_word' id='word_1_267' title='bbox 1272 3645 1341 3697; x_wconf 90' lang='lat' dir='ltr'><strong>qnae</strong></span> <span class='ocrx_word' id='word_1_268' title='bbox 1359 3631 1411 3698; x_wconf 92' lang='lat' dir='ltr'><strong>ipsi</strong></span> 
     </span>
     <span class='ocr_line' id='line_1_34' title="bbox 180 3714 1410 3785; baseline -0.001 -16"><span class='ocrx_word' id='word_1_269' title='bbox 180 3729 416 3784; x_wconf 72' lang='lat' dir='ltr'><strong>congeremus,</strong></span> <span class='ocrx_word' id='word_1_270' title='bbox 434 3718 486 3770; x_wconf 86' lang='lat' dir='ltr'><strong>etsi</strong></span> <span class='ocrx_word' id='word_1_271' title='bbox 504 3723 567 3770; x_wconf 88' lang='lat' dir='ltr'><strong>sunt</strong></span> <span class='ocrx_word' id='word_1_272' title='bbox 587 3732 656 3785; x_wconf 91' lang='lat' dir='ltr'><strong>quae</strong></span> <span class='ocrx_word' id='word_1_273' title='bbox 675 3717 747 3770; x_wconf 90' lang='lat' dir='ltr'><strong>docti</strong></span> <span class='ocrx_word' id='word_1_274' title='bbox 764 3717 803 3770; x_wconf 90' lang='lat' dir='ltr'><strong>illi</strong></span> <span class='ocrx_word' id='word_1_275' title='bbox 821 3716 869 3769; x_wconf 81' lang='lat' dir='ltr'><strong>viri</strong></span> <span class='ocrx_word' id='word_1_276' title='bbox 888 3723 915 3770; x_wconf 92' lang='lat' dir='ltr'><strong>et</strong></span> <span class='ocrx_word' id='word_1_277' title='bbox 936 3716 971 3768; x_wconf 88' lang='lat' dir='ltr'><strong>de</strong></span> <span class='ocrx_word' id='word_1_278' title='bbox 990 3714 1120 3783; x_wconf 91' lang='lat' dir='ltr'><strong>Dionysio</strong></span> <span class='ocrx_word' id='word_1_279' title='bbox 1139 3714 1213 3767; x_wconf 91' lang='lat' dir='ltr'><strong>haud</strong></span> <span class='ocrx_word' id='word_1_280' title='bbox 1232 3714 1313 3767; x_wconf 89' lang='lat' dir='ltr'><strong>dubie</strong></span> <span class='ocrx_word' id='word_1_281' title='bbox 1331 3715 1410 3768; x_wconf 90' lang='lat' dir='ltr'><strong>meri—</strong></span> 
     </span>
     <span class='ocr_line' id='line_1_35' title="bbox 153 3799 1411 3868; baseline 0.001 -17"><span class='ocrx_word' id='word_1_282' title='bbox 153 3838 155 3842; x_wconf 80' lang='lat'><strong>.</strong></span> <span class='ocrx_word' id='word_1_283' title='bbox 180 3799 276 3854; x_wconf 85' lang='lat' dir='ltr'><strong>tissimi</strong></span> <span class='ocrx_word' id='word_1_284' title='bbox 293 3802 495 3867; x_wconf 82' lang='lat' dir='ltr'><strong>occupaverint.</strong></span> <span class='ocrx_word' id='word_1_285' title='bbox 532 3800 615 3855; x_wconf 88' lang='lat' dir='ltr'><strong>Velut</strong></span> <span class='ocrx_word' id='word_1_286' title='bbox 632 3801 769 3856; x_wconf 86' lang='lat' dir='ltr'><strong>Anhutius</strong></span> <span class='ocrx_word' id='word_1_287' title='bbox 794 3819 817 3856; x_wconf 88' lang='lat' dir='ltr'><strong>v.</strong></span> <span class='ocrx_word' id='word_1_288' title='bbox 835 3805 899 3854; x_wconf 81' lang='grc'>1113</span> <span class='ocrx_word' id='word_1_289' title='bbox 925 3799 1052 3868; x_wconf 88' lang='lat' dir='ltr'><strong>Dionysii</strong></span> <span class='ocrx_word' id='word_1_290' title='bbox 1080 3815 1140 3851; x_wconf 91' lang='lat' dir='ltr'><strong>cum</strong></span> <span class='ocrx_word' id='word_1_291' title='bbox 1167 3799 1306 3866; x_wconf 90' lang='lat' dir='ltr'><strong>prooemio</strong></span> <span class='ocrx_word' id='word_1_292' title='bbox 1333 3799 1411 3852; x_wconf 86' lang='lat' dir='ltr'><strong>Arati</strong></span> 
     </span>
     <span class='ocr_line' id='line_1_36' title="bbox 179 3883 1358 3954; baseline 0 -16"><span class='ocrx_word' id='word_1_293' title='bbox 179 3900 205 3952; x_wconf 92' lang='lat' dir='ltr'><strong>p.</strong></span> <span class='ocrx_word' id='word_1_294' title='bbox 219 3888 251 3938; x_wconf 81' lang='lat'><strong>12</strong></span> <span class='ocrx_word' id='word_1_295' title='bbox 269 3885 386 3938; x_wconf 88' lang='lat' dir='ltr'><strong>contulit</strong></span> <span class='ocrx_word' id='word_1_296' title='bbox 402 3885 517 3953; x_wconf 85' lang='lat' dir='ltr'><strong>quidem,</strong></span> <span class='ocrx_word' id='word_1_297' title='bbox 536 3885 584 3938; x_wconf 91' lang='lat' dir='ltr'><strong>sed</strong></span> <span class='ocrx_word' id='word_1_298' title='bbox 602 3886 674 3954; x_wconf 87' lang='lat' dir='ltr'><strong>quod</strong></span> <span class='ocrx_word' id='word_1_299' title='bbox 691 3884 754 3938; x_wconf 91' lang='lat' dir='ltr'><strong>inde</strong></span> <span class='ocrx_word' id='word_1_300' title='bbox 772 3886 972 3940; x_wconf 81' lang='lat' dir='ltr'><strong>consectarIum</strong></span> <span class='ocrx_word' id='word_1_301' title='bbox 990 3888 1064 3937; x_wconf 88' lang='lat' dir='ltr'><strong>esset</strong></span> <span class='ocrx_word' id='word_1_302' title='bbox 1083 3883 1170 3936; x_wconf 93' lang='lat' dir='ltr'><strong>noluit</strong></span> <span class='ocrx_word' id='word_1_303' title='bbox 1188 3884 1358 3938; x_wconf 87' lang='lat' dir='ltr'><strong>concludere.</strong></span> 
     </span>
    </p>

    <p class='ocr_par' dir='ltr' id='par_1_10' title="bbox 180 3962 1411 4377">
     <span class='ocr_line' id='line_1_37' title="bbox 264 3962 1411 4038; baseline 0 -16"><span class='ocrx_word' id='word_1_304' title='bbox 264 3971 285 4034; x_wconf 84' lang='lat'><strong>⁷)</strong></span> <span class='ocrx_word' id='word_1_305' title='bbox 299 3963 354 4023; x_wconf 82' lang='lat' dir='ltr'><strong>‘De</strong></span> <span class='ocrx_word' id='word_1_306' title='bbox 369 3962 541 4023; x_wconf 86' lang='lat' dir='ltr'><strong>Aristobulo&#39;</strong></span> <span class='ocrx_word' id='word_1_307' title='bbox 559 3987 585 4038; x_wconf 92' lang='lat' dir='ltr'><strong>p.</strong></span> <span class='ocrx_word' id='word_1_308' title='bbox 600 3973 696 4038; x_wconf 82' lang='lat' dir='ltr'><strong>13sqq.</strong></span> <span class='ocrx_word' id='word_1_309' title='bbox 715 3970 904 4023; x_wconf 88' lang='lat' dir='ltr'><strong>Aristobulum</strong></span> <span class='ocrx_word' id='word_1_310' title='bbox 923 3970 1048 4023; x_wconf 84' lang='lat' dir='ltr'><strong>fraudem</strong></span> <span class='ocrx_word' id='word_1_311' title='bbox 1066 3984 1120 4022; x_wconf 92' lang='lat' dir='ltr'><strong>non</strong></span> <span class='ocrx_word' id='word_1_312' title='bbox 1138 3967 1238 4022; x_wconf 86' lang='lat' dir='ltr'><strong>fecisse</strong></span> <span class='ocrx_word' id='word_1_313' title='bbox 1256 3968 1345 4036; x_wconf 90' lang='lat' dir='ltr'><strong>ipsum</strong></span> <span class='ocrx_word' id='word_1_314' title='bbox 1363 3970 1411 4022; x_wconf 88' lang='lat' dir='ltr'><strong>sed</strong></span> 
     </span>
     <span class='ocr_line' id='line_1_38' title="bbox 181 4053 1411 4123; baseline 0 -16"><span class='ocrx_word' id='word_1_315' title='bbox 181 4053 255 4109; x_wconf 85' lang='lat' dir='ltr'><strong>iacta</strong></span> <span class='ocrx_word' id='word_1_316' title='bbox 271 4054 368 4108; x_wconf 70' lang='lat' dir='ltr'><strong>staude</strong></span> <span class='ocrx_word' id='word_1_317' title='bbox 385 4054 527 4122; x_wconf 89' lang='lat' dir='ltr'><strong>deceptum</strong></span> <span class='ocrx_word' id='word_1_318' title='bbox 545 4069 605 4108; x_wconf 85' lang='lat' dir='ltr'><strong>esse</strong></span> <span class='ocrx_word' id='word_1_319' title='bbox 616 4055 680 4108; x_wconf 88' lang='lat' dir='ltr'><strong>iude</strong></span> <span class='ocrx_word' id='word_1_320' title='bbox 692 4054 827 4122; x_wconf 87' lang='lat' dir='ltr'><strong>quispiam</strong></span> <span class='ocrx_word' id='word_1_321' title='bbox 845 4055 973 4123; x_wconf 89' lang='lat' dir='ltr'><strong>opinatus</strong></span> <span class='ocrx_word' id='word_1_322' title='bbox 992 4055 1051 4120; x_wconf 91' lang='lat' dir='ltr'><strong>erit,</strong></span> <span class='ocrx_word' id='word_1_323' title='bbox 1071 4054 1144 4123; x_wconf 91' lang='lat' dir='ltr'><strong>quod</strong></span> <span class='ocrx_word' id='word_1_324' title='bbox 1157 4053 1267 4122; x_wconf 90' lang='lat' dir='ltr'><strong>Orphici</strong></span> <span class='ocrx_word' id='word_1_325' title='bbox 1287 4053 1411 4107; x_wconf 89' lang='lat' dir='ltr'><strong>carminis</strong></span> 
     </span>
     <span class='ocr_line' id='line_1_39' title="bbox 180 4138 1411 4206; baseline -0.003 -14"><span class='ocrx_word' id='word_1_326' title='bbox 180 4143 318 4194; x_wconf 82' lang='lat' dir='ltr'><strong>auctorem</strong></span> <span class='ocrx_word' id='word_1_327' title='bbox 334 4139 449 4192; x_wconf 84' lang='lat' dir='ltr'><strong>Aratum</strong></span> <span class='ocrx_word' id='word_1_328' title='bbox 473 4142 572 4205; x_wconf 88' lang='lat' dir='ltr'><strong>suapte</strong></span> <span class='ocrx_word' id='word_1_329' title='bbox 594 4142 693 4206; x_wconf 86' lang='lat' dir='ltr'><strong>sponte</strong></span> <span class='ocrx_word' id='word_1_330' title='bbox 710 4139 885 4192; x_wconf 85' lang='lat' dir='ltr'><strong>Aristobulus</strong></span> <span class='ocrx_word' id='word_1_331' title='bbox 911 4139 1012 4194; x_wconf 89' lang='lat' dir='ltr'><strong>attulit.</strong></span> <span class='ocrx_word' id='word_1_332' title='bbox 1049 4138 1111 4192; x_wconf 89' lang='lat' dir='ltr'><strong>Non</strong></span> <span class='ocrx_word' id='word_1_333' title='bbox 1135 4139 1224 4191; x_wconf 88' lang='lat' dir='ltr'><strong>solent</strong></span> <span class='ocrx_word' id='word_1_334' title='bbox 1246 4139 1285 4191; x_wconf 91' lang='lat' dir='ltr'><strong>ita</strong></span> <span class='ocrx_word' id='word_1_335' title='bbox 1309 4138 1411 4192; x_wconf 86' lang='lat' dir='ltr'><strong>falsarii</strong></span> 
     </span>
     <span class='ocr_line' id='line_1_40' title="bbox 181 4221 1410 4291; baseline -0.002 -15"><span class='ocrx_word' id='word_1_336' title='bbox 181 4224 232 4278; x_wconf 88' lang='lat' dir='ltr'><strong>nisi</strong></span> <span class='ocrx_word' id='word_1_337' title='bbox 248 4233 297 4278; x_wconf 89' lang='lat' dir='ltr'><strong>aut</strong></span> <span class='ocrx_word' id='word_1_338' title='bbox 314 4223 394 4278; x_wconf 88' lang='lat' dir='ltr'><strong>stulti</strong></span> <span class='ocrx_word' id='word_1_339' title='bbox 411 4228 459 4276; x_wconf 91' lang='lat' dir='ltr'><strong>ant</strong></span> <span class='ocrx_word' id='word_1_340' title='bbox 475 4223 605 4291; x_wconf 81' lang='lat' dir='ltr'><strong>protervi,</strong></span> <span class='ocrx_word' id='word_1_341' title='bbox 636 4223 732 4276; x_wconf 90' lang='lat' dir='ltr'><strong>Denuo</strong></span> <span class='ocrx_word' id='word_1_342' title='bbox 746 4223 922 4279; x_wconf 88' lang='lat' dir='ltr'><strong>Aristobnlus</strong></span> <span class='ocrx_word' id='word_1_343' title='bbox 941 4228 1087 4291; x_wconf 86' lang='lat' dir='ltr'><strong>exspectat</strong></span> <span class='ocrx_word' id='word_1_344' title='bbox 1104 4222 1241 4277; x_wconf 90' lang='lat' dir='ltr'><strong>iudicium.</strong></span> <span class='ocrx_word' id='word_1_345' title='bbox 1273 4221 1410 4288; x_wconf 89' lang='lat' dir='ltr'><strong>Reliquias</strong></span> 
     </span>
     <span class='ocr_line' id='line_1_41' title="bbox 181 4307 668 4377; baseline 0.002 -16"><span class='ocrx_word' id='word_1_346' title='bbox 181 4307 229 4361; x_wconf 80' lang='lat' dir='ltr'><strong>riri</strong></span> <span class='ocrx_word' id='word_1_347' title='bbox 247 4308 346 4376; x_wconf 78' lang='lat' dir='ltr'><strong>conligi</strong></span> <span class='ocrx_word' id='word_1_348' title='bbox 363 4311 392 4362; x_wconf 91' lang='lat' dir='ltr'><strong>et</strong></span> <span class='ocrx_word' id='word_1_349' title='bbox 410 4308 533 4362; x_wconf 89' lang='lat' dir='ltr'><strong>enarrari</strong></span> <span class='ocrx_word' id='word_1_350' title='bbox 552 4313 668 4377; x_wconf 88' lang='lat' dir='ltr'><strong>oportet.</strong></span> 
     </span>
    </p>
   </div>
   <div class='ocr_carea' id='block_1_4' title="bbox 0 0 1607 5160">
    <p class='ocr_par' dir='ltr' id='par_1_11' title="bbox 0 0 1607 5160">
     <span class='ocr_line' id='line_1_42' title="bbox 0 0 1607 5160; baseline 0 0"><span class='ocrx_word' id='word_1_351' title='bbox 0 0 1607 5160; x_wconf 95' lang='lat' dir='ltr'><strong> </strong></span> 
     </span>
    </p>
   </div>
  </div>
 </body>
</html>
