3174 5160
333 366 381 419 XI.
401 366 602 422 ANEODOTA
620 367 863 421 BASILEENSIA
882 369 931 421 ET
950 368 1228 424 LAURENTIANA.
1341 369 1404 427 385

171 539 221 603 ita
244 537 454 626 significans
477 537 638 622 exposuit
665 537 762 600 roiloil
782 539 831 600 ael
856 538 1136 602 constitutionem
1158 538 1288 602 muniti
1306 541 1346 603 ab
1369 560 1406 602 eo

161 641 313 724 factam.
366 639 455 703 talia
488 639 614 725 quippe
648 639 770 725 ali'qua
799 640 1044 706 EUDORUS
1074 640 1202 720 aloem)
1253 640 1406 726 ampli'ns

170 741 311 826 quidem
333 763 395 806 nos
417 741 606 828 artificiose
629 740 851 827 exposuimus
873 741 967 806 anni
985 741 1201 807 creationem.

813 846 904 912 Theo
919 848 982 912 vit.
998 848 1046 911 ΙΙΙ
1061 870 1092 930 p.
1110 851 1150 912 59
1163 847 1262 913 West.
1285 842 1345 930 τὴν
1369 845 1404 910 δὲ

172 945 305 1010 dieitur
319 953 435 1010 autem
449 946 565 1011 simili
573 947 678 1021 morlo,
696 969 763 1032 quo
815 950 880 1011 των
895 952 1111 1030 Φαινομένων
1122 943 1293 1014 ὑπόθεσιν
1304 952 1405 1033 παρέ-

170 1152 261 1215 lianc
290 1151 536 1236 expositionem
558 1151 670 1216 Arati
692 1158 763 1215 tra·
816 1149 853 1215 τό
879 1144 1027 1227 Εὐδόξου
1056 1149 1252 1236 σύγγραμμα
1274 1153 1330 1217 καὶ
1351 1175 1406 1216 κε-

172 1253 282 1317 elitam
311 1255 466 1317 nondum
496 1275 566 1316 esse
594 1259 628 1317 et
655 1259 764 1317 astro·
818 1251 937 1329 λεόσας
977 1251 1126 1318 ἕπεσθαι
1167 1247 1266 1339 αὐτῷ.
1322 1252 1405 1320 ὅθεν

171 1357 273 1441 logus
295 1357 410 1440 refert
431 1357 515 1419 clare
533 1357 690 1420 Eubonu
713 1376 764 1418 re·
816 1354 904 1431 τινὲς
926 1357 992 1419 των
1016 1349 1242 1437 ἁπαλωτέρως
1261 1379 1405 1440 προσερ-

169 1458 316 1543 seriptu.
357 1464 391 1521 et
412 1457 506 1522 iubet
525 1459 585 1520 lioe
601 1465 668 1543 per
690 1480 764 1521 eor·
813 1461 962 1539 χομένων
985 1470 1060 1533 ταῖς
1082 1454 1272 1543 ἐξηγήσεσιν
1289 1456 1406 1534 ἔδοξαν

120 1568 148 1618 10
172 1559 267 1624 mine
306 1560 523 1624 adnuntiare
555 1551 662 1644 qu⁸asi
682 1560 764 1644 fae·
816 1557 860 1644 μὴ
876 1557 1116 1645 μαθηματικὸν
1133 1554 1405 1644 εἶναιτδνἍρα-

171 1669 279 1728 torem
329 1669 524 1726 ruanentem
573 1660 764 1745 inperitum
816 1684 884 1726 τον.
912 1655 1082 1744 ὑπέλαβον
1100 1660 1162 1746 γὰρ
1179 1660 1282 1747 μηδὲν
1296 1660 1406 1748 ἕτερον

171 1763 514 1849 autemastrologiae.
536 1761 767 1848 baneexeepit
815 1766 881 1826 των
897 1755 1046 1840 Εὐδόξου
1065 1765 1282 1844 Φαινομένων
1305 1762 1407 1847 ποιή-

166 1866 323 1952 gloriam
359 1864 647 1931 IPPARCHUS
682 1888 763 1951 quo·
817 1890 922 1931 σαντα
957 1858 1057 1931 αὐτὸν
1091 1864 1139 1943 εἰς
1167 1863 1204 1930 τὸ
1241 1863 1406 1950 σύγγραμ-

170 1991 238 2054 qne
256 1967 456 2053 Bithynius
476 1967 599 2052 ‘Apud
610 1968 762 2030 Aratum
816 1994 862 2049 μα
878 1973 1003 2033 θεῖναι.
1040 1966 1162 2054 ταύτης
1183 1966 1219 2032 δὲ
1242 1970 1300 2054 τῆς
1320 1965 1405 2052 μνώ-

119 2079 147 2128 15
171 2078 204 2135 et
213 2066 418 2136 Eudoxum'
435 2076 468 2133 et
477 2071 542 2133 DI
542 2070 615 2132 ΟΝ
616 2070 653 2132 V
647 2069 676 2132 S
680 2069 762 2143 Uol,
816 2094 879 2156 μης
901 2068 1012 2151 ἔχεται
1033 2070 1090 2134 καὶ
1104 2059 1289 2151 Ἵππαρχος
1311 2063 1405 2134 όΒι-

170 2171 359 2256 manifeste
396 2171 517 2257 potius
557 2173 693 2244 Thrax,
733 2175 766 2233 ot
815 2171 930 2248 θυνός.
976 2169 1010 2234 ἐν
1031 2168 1093 2256 γὰρ
1118 2183 1190 2247 τοῖς
1210 2167 1318 2255 (Πρός
1341 2165 1406 2236 Eb-

171 2273 476 2340 POSITONIUS
504 2273 543 2336 in
563 2269 762 2336 ‘Praediea
816 2272 913 2349 δοξον
956 2275 1012 2338 καὶ
1046 2265 1200 2354 ,Ἄρατον>
1245 2277 1407 2355 πειρᾶται

170 2375 263 2440 tione
306 2374 457 2439 Homeri
497 2380 531 2437 et
571 2373 683 2438 Arati
722 2375 764 2437 a'e
814 2377 912 2439 τοῦτο
964 2367 1210 2441 ἀποδεικνύναι.
1266 2397 1405 2459 συναγο-

169 2472 448 2542 matbematieis'.
507 2483 594 2541 sunt
624 2476 763 2561 quidem
815 2475 904 2562 ρεόει
927 2475 963 2541 δὲ
987 2469 1076 2561 αὐτῷ
1098 2480 1155 2543 καὶ
1177 2477 1357 2554 Διονύσιος

118 2591 147 2641 κο
169 2602 285 2644 omnes
301 2577 457 2644 benivoli.
496 2578 651 2664 efficeret
672 2578 763 2641 enim
816 2578 850 2644 έν
877 2582 926 2663 τῴ
950 2575 1050 2664 (Περὶ
1079 2585 1279 2664 συγκρίσεως
1306 2572 1407 2665 Ἀρό-

169 2683 324 2746 Aratum
358 2682 595 2745 demonstrare
627 2682 763 2766 perfee-
815 2676 1099 2766 τουκαίὉμήρου
1115 2682 1276 2766 περὶτῶν
1291 2687 1407 2767 μαθη-

170 2790 245 2848 tum
261 2784 485 2869 astrologum,
502 2781 763 2866 etsinilnldif-
816 2776 976 2864 ματικιῦν’
1003 2832 1011 2847 .
1036 2833 1044 2846 .
1068 2832 1075 2847 .
1100 2785 1151 2859 (ef.
1174 2805 1205 2869 p.
1223 2788 1306 2863 309).
1329 2782 1407 2866 βιά-

160 2878 269 2970 ferri
280 2884 413 2948 donasse
428 2885 679 2959 eteEucloxum,
701 2883 768 2968 qui
816 2884 929 2963 ζονται
959 2878 990 2948 δ’
1026 2877 1062 2949 ob
1091 2890 1252 2969 μετρίως·
1281 2868 1322 2970 ἦν
1343 2883 1405 2968 γὰρ

170 3009 209 3052 eo
227 2987 303 3074 ipsa
319 2984 592 3050 communicanti
597 2992 663 3070 per
678 3008 762 3049 eom-
816 2984 930 3053 καὶτὸ
956 2984 1080 3051 εἰδέναι
1108 2986 1325 3073 μεταφράσαι
1348 2985 1406 3068 έμ-

119 3103 146 3153 25
168 3087 469 3154 mentuma'oanae
491 3085 764 3152 nihilomnino
816 3094 952 3172 πειρίας
973 3090 1223 3174 μαθηματικῆς.
1268 3083 1405 3174 εὑρήσο-

170 3190 362 3255 exeessisse.
424 3186 630 3273 impossibile
672 3186 763 3250 enim
814 3213 874 3271 μεν
898 3187 933 3252 δὲ
950 3181 1049 3253 αὐτὸν
1072 3192 1128 3255 καὶ
1151 3188 1406 3275 ἐπιμελέστερον

168 3295 344 3380 quendam
360 3292 553 3376 boejaeere
574 3311 642 3352 non
659 3295 763 3372 prae·
814 3288 856 3355 τὰ
887 3292 1031 3355 πλεῖστα
1058 3293 1117 3356 τοῦ
1146 3285 1293 3367 Εὐδόξου
1329 3289 1406 3356 ἐπι-

169 3403 335 3483 eeptorern
359 3415 438 3458 esse.
816 3391 988 3473 στάμενον.

170 3521 271 3580 tanta
287 3513 428 3600 quidem
445 3513 542 3595 apud
556 3531 619 3583 eos,
635 3509 786 3592 quisine
795 3508 1022 3592 praefatione
1037 3516 1211 3572 conantur
1217 3511 1406 3594 facturam

120 3621 360 3688 soleamne.
411 3614 556 3698 quidam
586 3616 702 3673 antem
732 3609 836 3672 aiunt
864 3616 897 3672 et
925 3611 986 3671 boe
1006 3616 1125 3693 postea
1155 3612 1342 3695 repositum
1365 3613 1407 3674 ab

171 3722 284 3785 eoa'em
300 3715 571 3803 praenominato
591 3711 771 3795 Antigono
801 3710 1006 3795 imperatori
1018 3711 1139 3795 priori
1158 3712 1266 3776 amieo
1287 3715 1405 3776 Arati.

171 3823 211 3885 cle
221 3817 450 3907 praefatione
466 3821 581 3879 autern
597 3815 691 3897 quod
705 3818 792 3875 esset
804 3812 916 3876 Arati
929 3818 962 3875 et
975 3833 1084 3895 quum
1107 3813 1146 3875 in
1162 3814 1405 3877 Macedoniam

172 3931 223 3988 est
244 3924 427 3987 inventum
452 3917 490 3980 in
505 3914 683 3999 Antigoni
703 3912 934 3977 bibliothecam
957 3912 1101 3996 quidam
1124 3915 1163 3977 in
1187 3913 1405 3988 membranis,

256 4097 281 4155 9,
295 4095 325 4143 10
336 4100 363 4158 p
383 4092 513 4138 carmine.

173 4230 378 4244 -.....—.

259 4316 290 4378 ¹⁴)
310 4311 351 4365 cf,
372 4312 473 4378 p.160.

220 4399 330 4448 Philolog.
345 4393 547 4443 Untorsuehungen
560 4388 613 4431 XII.
