3166 5166
380 364 381 369 ¹
449 377 482 431 V.
502 375 552 430 DE
569 375 685 431 ARATI
702 376 863 433 SCRIPTIS
881 380 1112 437 DEPERDITIS.
1329 385 1391 443 245

170 548 287 614 Verum
309 550 374 614 tale
398 549 475 630 quid
498 551 741 632 incompertum.
778 552 889 630 Quid?
911 554 939 618 si
955 552 1049 618 Tarsi
1066 556 1172 636 potius
1187 576 1245 638 per
1258 559 1390 642 aliquod

168 660 301 733 uterque
334 657 459 733 tempus
493 652 648 734 degebat,
681 651 907 735 philosophiae
938 654 990 720 hic
1020 656 1075 720 ille
1109 657 1225 722 edendi
1258 659 1391 725 Homeri

168 751 353 818 studiosus?
385 750 587 835 Quamquam
610 754 651 818 de
679 755 749 819 solo
772 753 953 837 Chrysippo
983 756 1144 823 sufficeret
1166 758 1253 840 quod
1275 760 1392 842 legitur

167 855 200 917 iu
230 853 398 919 Strabonis
427 854 509 919 libro
537 854 613 920 XIV
644 876 674 937 p.
691 857 750 918 671
782 864 907 938 patrem
940 858 1009 924 eius
1038 860 1140 925 Tarso
1170 861 1263 926 Solos
1291 870 1391 930 bans-

168 957 333 1037 migrasse.
377 956 470 1021 Tarsi
485 957 661 1022 litterarum
684 977 779 1022 omne
801 979 901 1039 genus
917 960 981 1023 iam
996 961 1090 1024 tertio
1105 964 1235 1027 saeculo
1250 963 1392 1030 Seleuci·

168 1058 280 1122 darum
309 1074 408 1139 opera
434 1078 473 1123 ac
501 1059 613 1124 favore
642 1058 833 1124 effloruerat.
877 1061 914 1125 ln
942 1061 1024 1125 illud
1047 1062 1130 1128 enim
1156 1069 1282 1147 tempus
1305 1066 1391 1130 haud

167 1165 353 1225 cunctanter
385 1159 639 1226 transferendum
673 1180 854 1242 censemus,
889 1163 975 1244 quod
1009 1163 1049 1228 de
1081 1165 1184 1246 primo
1212 1173 1287 1231 ante
1316 1167 1389 1232 (ihr.

168 1263 298 1328 saeculo
326 1262 372 1326 ita
398 1261 513 1326 Strabo
539 1260 724 1326 adfirmavit
744 1262 821 1327 XIV
843 1282 874 1345 p.
898 1267 974 1348 673,
999 1269 1053 1330 13:
1081 1263 1225 1350 τοσαύτη
1256 1266 1292 1330 δὲ
1319 1281 1391 1344 τοῖς

167 1361 291 1427 ἐνθάδε
319 1355 519 1445 ἀνθρώποις
546 1359 675 1446 uuanda)
706 1361 856 1447 πρόςιε
886 1365 1094 1451 φιλοσοφίαν
1122 1369 1177 1431 καὶ
1206 1365 1264 1451 τὴν
1288 1363 1390 1455 ἄλλην

165 1464 326 1530 παιδείαν
363 1461 529 1548 ἐγκύκλιον
566 1455 703 1529 ἅπασαν
736 1468 883 1548 γέγονεν,
921 1457 1007 1531 ὥστε
1039 1463 1302 1555 ὑπερβέβληνιαι
1334 1474 1389 1536 καὶ

167 1560 315 1653 Ἀθήνας
331 1567 388 1631 καὶ
402 1559 654 1650 Ἀλεξάνδρειαν
669 1568 725 1630 καὶ
741 1565 774 1630 ei'
785 1591 862 1630 uero
878 1561 979 1632 ἄλλον
994 1567 1099 1650 τόπον
1116 1569 1255 1636 devoror
1270 1571 1389 1652 εἰπεῖν,

167 1666 200 1732 ἕν
223 1661 251 1752 ᾦ
268 1669 384 1749 σχολαὶ
406 1671 463 1735 καὶ
478 1668 648 1753 διατριβαὶ
668 1667 869 1754 φιλοσόφων
886 1668 1068 1753 γεγόνασιν.
1106 1675 1155 1739 De
1174 1676 1389 1756 grammaticis

166 1772 252 1854 quod
275 1773 342 1837 fere
365 1772 504 1839 sufficiat
524 1771 702 1836 Abrensius
722 1764 853 1838 ‘Bucol’
868 1774 911 1837 -ll
932 1793 963 1856 p.
979 1774 1208 1840 XXXV-XL
1231 1776 1340 1842 docuit
1348 1777 1389 1853 ¹⁷).

165 1873 324 1939 Addimus
353 1874 416 1956 ipsi
439 1872 693 1955 Aristophaneus
716 1882 748 1938 et
771 1873 902 1940 scholae
926 1884 958 1941 et
978 1879 1196 1960 praeceptoris
1219 1879 1390 1945 infortunio

166 1983 201 2040 ut
217 1975 354 2040 Tarsum
378 1976 573 2057 emigrarent
593 1975 687 2041 nobis
711 1974 815 2043 videri
837 1979 1029 2060 compulsos,
1052 1980 1107 2043 ubi
1130 1980 1226 2044 etiam
1242 1979 1390 2046 (lassaris

166 2085 198 2142 et
213 2077 348 2159 Pompei
371 2082 478 2141 aetate
491 2077 715 2143 Artemidorus
732 2078 985 2162 Aristophaneus
1009 2081 1164 2148 bucolicis
1186 2081 1391 2148 recensendis

165 2197 296 2261 operam
326 2178 543 2261 impendebat.
589 2179 897 2262 Aristophaneorum
926 2183 1070 2246 nonnulli
1097 2183 1125 2248 si
1147 2184 1283 2248 Tarsum
1310 2186 1389 2265 peti-

164 2287 288 2360 verunt,
310 2280 455 2346 fecerunt
470 2279 514 2362 id,
538 2288 572 2346 ut
590 2282 704 2347 studiis
719 2290 890 2364 pergerent
905 2285 1097 2349 incumbere.
1135 2285 1277 2366 Ideoque
1293 2287 1388 2354 debe·

166 2384 243 2447 bant
264 2401 336 2449 esse
358 2383 447 2464 certi,
470 2402 530 2448 nec
545 2383 730 2449 facultatem
746 2404 850 2466 neque
865 2385 1075 2450 instrumenta
1089 2384 1133 2450 ad
1148 2389 1388 2469 grammaticam

165 2482 377 2549 excolendam
405 2485 451 2549 ibi
480 2504 552 2550 sese
574 2485 747 2552 defectura.
792 2487 951 2553 llxstabat
972 2488 1069 2570 igitur
1092 2488 1186 2554 Tarsi
1207 2490 1302 2554 tertio
1325 2490 1389 2555 iam

164 2587 294 2653 saeculo
317 2585 429 2653 schola
451 2589 661 2669 grammatica
669 2590 710 2664 ¹⁸).
747 2589 796 2654 Ac
818 2609 986 2671 possumus
1008 2589 1141 2656 aliunde
1163 2611 1291 2674 quoque
1306 2593 1388 2659 eius·

165 2688 240 2753 dem
254 2690 303 2754 rei
318 2686 542 2755 documentum
559 2690 710 2756 nancisci.
742 2690 924 2758 Zenodotus
935 2692 1069 2757 Mallote
1080 2712 1098 2758 e
1110 2692 1224 2758 (lilicia
1236 2692 1389 2760 oriundus

165 2789 365 2856 Chaldaeum
381 2791 479 2858 fuisse
491 2791 665 2857 Homerum
681 2793 792 2874 voluit,
810 2795 944 2859 scientia
956 2792 1193 2860 chaldaeorum
1208 2796 1389 2878 praeditum

165 2893 302 2959 eundem
318 2892 446 2959 dixerat
462 2893 559 2958 etiam
576 2892 687 2960 Grates
703 2901 736 2960 et
750 2896 820 2978 ipse
833 2896 975 2961 Mallote.
1006 2897 1167 2962 Ridebant
1178 2897 1390 2964 Alexandrini

165 2994 335 3061 Orateteae
365 2994 557 3077 disciplinae
584 2996 782 3080 adversarii,
812 2998 917 3062 rident
947 2996 1109 3063 hodierni:
1140 3000 1312 3065 nemodum
1335 3007 1390 3065 aut

164 3096 331 3178 inquisivit
358 3105 415 3162 aut
442 3097 630 3179 quaestione
659 3098 743 3163 dixit
771 3098 917 3180 dignum,
950 3118 1015 3180 qua
1039 3099 1252 3182 ratiocinandi
1275 3103 1329 3166 via
1350 3121 1391 3166 ac

165 3198 281 3280 quibus
316 3199 487 3265 momentis
519 3198 561 3264 ad
589 3205 655 3264 tam
684 3199 849 3266 mirificam
878 3207 973 3283 atque
1006 3200 1090 3266 adeo
1119 3201 1294 3268 inauditam
1321 3222 1389 3268 seu·
1494 3215 1495 3218 ’

164 3302 297 3365 tentiam
311 3319 371 3383 par
386 3300 468 3366 illud
483 3301 662 3366 criticorum
677 3301 865 3383 perductum
878 3311 969 3368 esset.
998 3302 1041 3366 At
1052 3303 1135 3367 intra
1146 3303 1388 3369 Seleucidarum

164 3421 298 3484 regnum
324 3401 482 3468 Chaldaei
518 3423 589 3467 cum
623 3422 800 3487 permagna
828 3404 1024 3470 Graecorum
1056 3405 1270 3471 Asiaticorum
1299 3413 1391 3488 parte

165 3504 299 3581 confusi,
328 3523 446 3588 graeca
476 3505 584 3570 studia
612 3495 645 3569 iu
668 3506 897 3588 Babyloniam,
927 3505 1104 3572 chaldaica
1125 3507 1169 3571 ad
1192 3505 1332 3573 Graecos
1355 3507 1387 3571 id

165 3605 318 3689 temporis
347 3608 511 3672 translata.
563 3606 735 3673 Historiam
765 3609 918 3690 Assyriae
946 3626 1061 3690 graece
1091 3609 1242 3691 scriptam
1271 3608 1391 3690 eidem,

253 3756 283 3820 ¹⁷)
302 3755 344 3810 Dc
362 3756 458 3810 ceteris
476 3756 657 3810 litteratorum
680 3757 822 3824 generibus
841 3756 875 3810 ci.
895 3756 985 3810 Strab.
1004 3757 1022 3809 l.
1037 3773 1060 3810 c.
1097 3758 1174 3812 Alios
1191 3757 1295 3811 addidit
1313 3756 1387 3811 Cless

163 3840 192 3894 in
205 3840 301 3909 Paulyi
315 3835 549 3910 ‘anyclopaedia
560 3833 640 3893 reali'
657 3857 679 3895 s.
692 3858 717 3896 r.
731 3858 757 3909 p.
773 3845 848 3897 1624.
865 3842 892 3896 J.
908 3841 952 3896 Fr.
966 3841 1147 3909 Breithauptii
1159 3837 1213 3897 ‘De
1227 3843 1308 3897 claris
1320 3842 1390 3896 Tar·

164 3919 302 3980 semibus'
320 3925 475 3994 (Gottingae
493 3930 569 3993 1148)
589 3925 822 3994 disputatiuncula
839 3925 941 3980 nullius
959 3926 1040 3994 pretii
1057 3932 1108 3981 est.

222 4056 224 4061 ,
253 4013 283 4077 ¹⁸)
301 4011 380 4066 Arati
396 4013 483 4068 irater
493 4010 685 4064 Athenodorus
698 4013 800 4065 stoicus
812 4014 873 4065 erat
883 4011 1007 4079 idemque
1017 4012 1215 4079 grammaticus,
1234 4013 1279 4080 qui
1291 4014 1386 4067 contra

163 4095 268 4150 Zoilum
288 4089 374 4168 Ἤερὶ
391 4089 527 4170 Ὁμήρου’
550 4095 659 4163 scripsit
682 4101 790 4164 poetam
814 4096 975 4152 defensurus
999 4097 1087 4164 (Diog.
1105 4096 1198 4151 Laert.
1212 4097 1277 4152 VIII
1297 4100 1387 4162 112).

166 4180 218 4235 Ubi
235 4181 388 4249 scripserit,
406 4199 462 4236 non
480 4181 573 4249 liquet.
609 4184 652 4234 An
672 4180 769 4235 Tarsi?
788 4213 821 4222 -
839 4182 957 4250 Dignum
979 4180 1131 4246 mentione,
1156 4181 1227 4250 quod
1251 4181 1385 4251 Lyconem

164 4265 371 4334 peripateticum
387 4266 490 4321 frustra
507 4267 543 4321 ad
560 4281 590 4320 se
606 4266 757 4320 Antiochus
768 4267 936 4321 varcessebat
954 4265 1032 4334 Diog.
1051 4266 1142 4339 Laert.
1162 4267 1185 4321 V
1199 4269 1229 4320 61
1248 4266 1386 4330 (Wilamo

164 4351 224 4404 witz
238 4343 416 4420 ‘Antigones’
433 4366 461 4419 p
475 4353 517 4418 85,
536 4349 660 4406 ldeiueke
672 4344 830 4406 ‘Analecta'
849 4366 876 4419 p.
892 4354 942 4417 to).
