3174 5160
244 1370 299 1466 De
323 1401 413 1464 Arati
443 1400 578 1464 scientia
599 1419 638 1464 ac
667 1399 818 1464 facultate
841 1400 1056 1469 astronomica
1079 1400 1157 1481 quid
1181 1400 1386 1483 Hipparchus

154 1507 364 1584 iudicaverit,
396 1516 529 1571 constat.
579 1499 599 1589 ἡ
629 1500 693 1588 γάρ
721 1506 787 1568 τιῦν
816 1502 1016 1590 ποιημάτων
1042 1503 1139 1586 χάρις
1169 1497 1386 1580 άξιοπιστίαν

153 1605 230 1674 τινὰ
253 1620 325 1683 τοῖς
348 1609 537 1692 λεγομένοις
560 1609 793 1691 περιτίθησιν·
816 1607 872 1669 καὶ
891 1599 1015 1681 πάντες
1030 1604 1147 1686 σχεδὸν
1164 1607 1196 1672 οἱ
1211 1606 1269 1673 τὸν
1286 1634 1386 1696 ποιη-

154 1708 214 1798 τὴν
236 1712 354 1774 τοῦτον
379 1706 591 1796 ἐξηγούμενοι
613 1713 859 1791 προστίθενται
886 1719 957 1782 τοῖς
986 1700 1047 1770 ὑπ’
1075 1701 1175 1773 αὐτοῦ
1198 1712 1387 1793 λεγομένοις

152 1815 211 1879 iiie
233 1813 395 1896 professus
418 1819 467 1878 est
485 1833 515 1896 p.
535 1815 595 1875 172
609 1812 648 1875 D.
685 1812 846 1876 Iudicavit
860 1809 1065 1894 Hipparchus
1079 1814 1249 1896 periniquo
1265 1835 1382 1898 operae

153 1915 236 1981 nihil
265 1915 329 1979 uisi
356 1914 579 1980 transferendo
610 1915 747 1979 Eudoxo
776 1913 1013 1994 consumpsisse
1038 1914 1182 1980 Aratum.
1235 1919 1386 1982 Attamen

154 2018 255 2083 semel
271 2016 475 2100 Hipparchus
496 2035 517 2079 a
532 2036 602 2080 sese
626 2017 696 2099 ipse
711 2014 831 2080 defecit
847 2014 897 2088 (uf.
914 2034 984 2096 cap.
1002 2015 1062 2079 VII
1078 2018 1136 2080 eei.
1153 2017 1263 2091 XLV).
1302 2020 1386 2092 Nam

154 2122 182 2185 si
197 2120 251 2184 vel
267 2119 381 2183 melius
397 2118 533 2182 Eudoxo
549 2121 682 2182 Aratum
698 2125 730 2182 et
745 2117 878 2181 scivisse
894 2116 1019 2197 aliquid
1035 2126 1068 2182 et
1083 2118 1204 2184 dixisse
1219 2141 1385 2186 assevera-

35 2306 37 2310 Α
154 2223 217 2304 vit,
247 2221 325 2304 quid
353 2219 442 2283 aliud
472 2220 502 2283 ei
525 2238 622 2300 quarn
645 2219 726 2284 caeli
750 2217 836 2282 haud
862 2218 1058 2283 mediocrem
1081 2221 1191 2285 tribuit
1213 2223 1386 2305 peritiam?

156 2320 342 2406 Hipparcho
357 2322 454 2384 etiam
466 2321 606 2401 iniquius
622 2320 767 2385 asseclae
779 2319 978 2401 Hipparchei
991 2322 1227 2387 existimabant.
1261 2323 1386 2408 Cogno

155 2426 259 2489 vimus
288 2423 480 2504 Dionysium
509 2443 540 2504 p.
563 2425 625 2485 224
655 2428 687 2486 et
715 2424 874 2486 Aviennm
905 2442 975 2504 cap.
993 2423 1054 2487 VII
1076 2425 1135 2488 ecl.
1152 2425 1205 2489 VI.
1251 2427 1389 2511 Excepit

154 2528 220 2593 tale
242 2525 321 2610 quid
344 2525 396 2588 vel
412 2525 453 2588 M.
470 2525 595 2594 Tullius
615 2518 679 2588 ‘De
695 2516 835 2588 oratore'
862 2525 876 2588 l
895 2530 944 2606 15,
961 2528 1001 2589 69
1027 2529 1057 2604 (e
1075 2526 1148 2590 Vita
1163 2530 1253 2592 Arati
1277 2531 1386 2595 nescio

155 2630 247 2713 qua):
278 2625 357 2708 Quo
384 2646 423 2688 re
450 2625 507 2688 hic
535 2625 629 2689 locus
657 2625 699 2687 οἷο
728 2623 800 2688 oz'to
830 2629 864 2686 et
892 2624 1044 2688 moribus
1066 2630 1158 2688 totus
1185 2633 1236 2689 est
1256 2628 1392 2692 oratori

149 2726 411 2816 perducendus,
444 2727 564 2790 Cetera
587 2726 704 2789 sinon
721 2725 893 2800 dedinent,
910 2733 1026 2789 tomen
1035 2727 1176 2811 poterit,
1199 2729 1387 2813 siquando

155 2838 240 2916 opus
262 2827 338 2903 erit,
361 2849 489 2892 ornare
511 2827 662 2904 dicendo,
690 2828 841 2891 simodo
864 2829 913 2890 ud
933 2849 1010 2891 eum
1033 2834 1141 2891 erunt
1161 2830 1276 2893 delato
1301 2830 1391 2895 etei

155 2932 300 2997 trudito.
343 2929 485 2996 Etenim
513 2929 549 2992 si
573 2935 708 2993 constat
736 2929 830 2993 inter
859 2931 986 3004 doctos,
1016 2931 1188 2993 hominem
1218 2931 1386 3016 ignorum

156 3030 365 3115 astrologiae
397 3031 633 3095 ornatissimis
665 3038 769 3116 etque
802 3030 939 3115 opti'mis
971 3031 1127 3094 versibus
1157 3033 1312 3095 Aratum
1345 3034 1387 3096 oe

156 3134 246 3197 coelo
267 3131 446 3218 stellisque
468 3132 613 3209 uenisse,
637 3133 673 3196 si
692 3135 734 3196 de
756 3135 856 3197 rebus
878 3132 1021 3196 rusticis
1043 3132 1214 3196 hominem
1237 3135 1277 3196 ud
1300 3156 1387 3218 egro

156 3233 431 3310 remotissimum,
454 3234 679 3300 Nicandrum
703 3235 966 3321 Colophonium,
984 3235 1118 3318 poetico
1147 3237 1299 3320 quodum
1320 3236 1385 3321 fo-

157 3338 299 3412 eultute,
326 3358 397 3400 non
420 3336 570 3412 rustico,
593 3337 772 3421 scripsisse
791 3337 993 3421 praeclare:
1025 3337 1198 3422 quidest,
1230 3359 1293 3401 cur
1315 3361 1386 3401 non

157 3445 272 3503 orator
294 3439 336 3502 de
357 3439 457 3502 rebus
479 3437 525 3502 iis
548 3438 824 3522 eloquentissime
846 3437 954 3513 dieat,
978 3461 1066 3523 quos
1088 3440 1137 3502 οιί
1156 3444 1283 3503 certum
1306 3462 1385 3504 eou-

156 3561 229 3605 som
251 3545 450 3625 tempusque
479 3540 662 3625 cognorit?
697 3544 839 3608 Eandem
870 3548 1060 3608 sententiam
1085 3547 1125 3608 M.
1143 3546 1268 3609 Tullius
1295 3563 1385 3627 repe·

156 3645 228 3710 tivit
250 3646 283 3709 in
312 3646 465 3710 librorum
486 3638 550 3710 ‘De
572 3638 648 3727 rep'
674 3636 778 3728 primo
802 3666 828 3711 ο.
845 3646 922 3709 XIV
939 3649 989 3708 22.
1034 3645 1193 3710 Addimus
1216 3647 1384 3712 Leontium

157 3745 375 3813 mechanicum
396 3740 460 3810 ‘De
482 3747 622 3829 sphaera
644 3739 775 3811 Aratea’
805 3748 920 3826 (Buhle
943 3749 959 3811 Ι
981 3768 1011 3831 p.
1029 3751 1090 3834 257
1104 3747 1181 3828 sq.):
1206 3744 1316 3810 ἰστέον
1339 3746 1384 3826 dt,

157 3839 208 3913 ὅτι
231 3846 272 3912 τὰ
295 3849 373 3930 περὶ
395 3850 463 3912 τῶν
485 3842 617 3932 άστρων
640 3849 687 3931 τῳ
709 3841 841 3932 Ἀράτῳ
864 3846 1020 3934 εἰρημένα
1044 3841 1081 3911 οὐ
1101 3845 1190 3910 πάνυ
1206 3847 1316 3922 καλῶς
1338 3849 1385 3911 ε’ί-

157 3974 263 4036 ρηται,
286 3944 332 4025 ὥς
347 3947 437 4024 ἔστιν
454 3947 488 4014 ἔκ
502 3973 539 4012 τε
552 3952 619 4013 τοῖν
631 3943 803 4033 Ἱππάρχῳ
826 3951 881 4013 καὶ
898 3949 1101 4032 Πτολεμαίῳ
1119 3953 1386 4032 συντεταγμένων

158 4053 234 4135 περὶ
255 4049 382 4116 τούτων
397 4061 533 4132 μαθεῖν.
571 4050 682 4116 α’ίτιον
707 4050 742 4114 δὲ
766 4053 901 4133 πρῶτον
923 4055 992 4132 μέν,
1017 4049 1092 4116 ἐπεὶ
1107 4052 1163 4114 καὶ
1178 4047 1220 4112 τὰ
1238 4043 1384 4126 Εάόόξοο

158 4151 219 4231 (οἷς
245 4147 393 4236 μάλιστα
420 4147 649 4240 ἠκολούθησεν
678 4148 695 4217 ὁ
720 4147 871 4234 Ἄρατος)
901 4146 939 4216 οὐ
970 4153 1045 4217 λίαν
1074 4145 1190 4236 ὀρθῶς
1217 4150 1385 4236 ε’ίληπτοι,

158 4253 274 4320 ἔπειτα
298 4253 343 4334 δέ,
367 4246 420 4320 ὅτι
435 4258 489 4319 καὶ
514 4248 551 4321 οὐ
568 4254 655 4341 πρὸς
673 4253 709 4318 τὸ
729 4247 871 4337 ἀκριβές,
888 4246 933 4329 ὥς
950 4276 1035 4340 φησι
1049 4253 1185 4337 Σπάρος
1200 4249 1216 4317 ὁ
1234 4248 1385 4339 ὑπομνη-

1173 4356 1225 4406 20*
