3174 5160
533 352 579 406 IV.
598 351 648 406 DE
668 350 840 406 ORATETE
858 350 1046 405 MALLOTA.
1342 350 1403 409 173
1493 423 1497 429 ι

171 527 318 592 bonitate
334 527 469 610 insigne.
510 527 743 590 Enumerantur
757 526 799 590 ab
815 524 942 589 Achille
958 525 1070 590 ordine
1089 531 1116 588 1.
1140 523 1172 588 ot
1188 522 1245 587 τὸν
1262 517 1403 608 οὐρανὸν

172 627 324 713 λέγοντες
346 632 431 705 Δία,
455 631 483 692 2.
508 625 541 691 oi
564 625 600 690 δὲ
623 631 693 691 Δία
717 624 776 689 τὸν
806 624 929 704 αἰθέρα
960 623 1227 709 παραλαβόντες,
1259 631 1287 691 3.
1311 626 1343 691 οἱ
1367 626 1403 690 δὲ

170 734 243 795 Δία
265 726 324 794 τὸν
347 725 440 816 ἥλιον
457 727 643 813 νοήσαντες,
667 735 695 792 4.
720 727 752 791 oi
775 726 811 792 δὲ
825 732 895 792 Δία
917 725 976 792 τὸν
993 720 1075 811 ἀέρα
1091 721 1299 806 ἀκούσαντες,
1324 735 1353 794 5.
1370 728 1402 793 oi

171 832 209 898 δὲ
225 837 295 898 Δία
310 829 370 896 τὸν
385 829 540 913 μυθικόν.
570 829 694 908 Quibus
708 832 848 913 peractis
863 850 953 896 suam
970 831 1114 897 Achilles
1128 833 1168 907 (si
1184 841 1232 897 est
1246 830 1403 907 Achilles)

170 936 364 1002 sententiam
389 933 540 1017 proponit
560 953 592 1018 p.
610 935 811 1015 27,21sqq.:
840 927 919 1018 ἡμῖν
942 931 979 995 δὲ
1002 931 1091 996 δοκεῖ
1112 934 1233 1012 τριχῶς
1254 926 1320 996 ὑπὸ
1344 933 1403 996 τοῦ

166 1029 314 1122 Ἀράτου
331 1038 571 1119 προφέρεσθαι
584 1026 660 1098 κτλ.)
698 1032 846 1116 Quinque
857 1036 954 1117 igitur
966 1036 1237 1117 interpretationis
1253 1036 1405 1118 exempla

171 1148 328 1222 congesta
350 1138 515 1218 videmus,
545 1156 617 1202 cum
646 1156 709 1202 non
737 1137 877 1218 amplius
900 1139 961 1201 tria
983 1136 1128 1203 Achilles
1149 1136 1221 1222 ipse
1244 1156 1403 1203 commen-

170 1240 370 1306 tatiunculas
387 1239 575 1321 exordio-p.
593 1240 633 1302 23
648 1238 812 1319 pollicitus
835 1239 891 1302 sit:
914 1243 983 1301 Δία
1006 1237 1042 1301 di·
1058 1240 1091 1302 οἳ
1105 1237 1165 1320 μέν
1180 1234 1239 1301 τὸν
1263 1230 1403 1320 οὐρανόν

171 1347 226 1419 (²²
245 1345 286 1420 1),
309 1343 344 1406 oi
365 1339 402 1405 δὲ
416 1336 475 1406 τὸν
490 1330 585 1424 ἥλιον
607 1342 661 1415 (=
677 1340 718 1416 3),
744 1339 776 1401 οἳ
798 1336 834 1401 δέ
850 1334 907 1402 τὸν
922 1335 1067 1420 μοθικὸν
1084 1337 1272 1415 ἐξεδέξαντο
1295 1342 1348 1414 (==
1361 1338 1402 1417 5).

171 1444 267 1511 Patet
289 1451 346 1509 ant
368 1442 529 1509 excidisse
552 1441 633 1507 duas
656 1443 696 1505 in·
711 1442 802 1506 initio
825 1442 1011 1523 explicandi
1033 1443 1174 1507 rationes
1197 1443 1307 1506 autin
1330 1443 1403 1506 sub·

171 1543 383 1629 sequentibus
398 1543 532 1609 totidem
548 1543 662 1608 fraude
676 1542 851 1607 abundare.
884 1543 996 1609 Utrum
1013 1544 1120 1608 verius
1135 1545 1186 1625 sit,
1209 1543 1404 1608 scholiorum

171 1650 344 1712 latinorum
361 1645 546 1710 adiumento
561 1645 657 1710 facile
672 1646 885 1727 assequimur:
908 1645 958 1706 Et
978 1641 1172 1727 quaeretur,
1196 1641 1297 1705 cuim
1311 1641 1404 1704 Ioves

171 1744 387 1819 enemzrzere't,
410 1759 575 1809 utrumne
588 1742 755 1828 fabulosi
774 1764 821 1805 ee
850 1745 1038 1808 naturales.
1083 1749 1168 1829 Ergo
1192 1747 1256 1811 duo
1279 1748 1312 1809 in
1335 1736 1417 1810 nni?

172 1872 302 1917 versum
320 1847 604 1933 interpretamenta
619 1856 784 1914 enarrator
804 1849 859 1912 ille
875 1850 1020 1931 quisquis
1042 1850 1102 1914 fuit
1116 1850 1286 1931 primarius
1303 1866 1404 1912 secra-

172 1955 284 2035 batur,
318 1953 364 2017 ita
392 1961 499 2017 tamen
529 1959 563 2015 ut
588 1941 791 2015 ‘naturalem’
825 1950 934 2014 lovem
964 1952 1133 2033 tripliciter
1161 1951 1301 2015 divisum
1332 1969 1404 2014 esse

171 2055 297 2120 diceret
311 2061 400 2119 certo
415 2052 554 2136 quodam
570 2053 683 2117 modo:
702 2046 764 2112 ‘Et
771 2047 973 2134 philesophi
984 2047 1123 2134 quedem
1133 2048 1290 2134 plurimi
1302 2054 1405 2112 netu·

172 2152 263 2217 rale's
274 2151 470 2216 ee'unteum
480 2151 575 2216 Iovis
586 2149 791 2225 ιιιειιιιιιτεετ,
808 2158 1002 2216 ΚΡΑΤΗΣ
1015 2156 1131 2232 eutem
1146 2153 1259 2215 Iovem
1275 2150 1405 2214 dietum

171 2256 316 2330 caelum,
340 2253 536 2318 τ’νινοταέτιιιι
551 2252 766 2317 veromente
788 2274 902 2317 aerem
925 2259 958 2316 et
972 2254 1152 2327 aetherem,
1176 2254 1270 2337 qued
1289 2252 1328 2316 ιἰι
1349 2252 1407 2317 lezi

173 2356 249 2421 sint
269 2352 405 2420 sedere?
453 2358 620 2425 Subneotit
648 2360 764 2423 latinus
788 2379 807 2422 e
829 2358 990 2424 Cernere
1020 2359 1133 2423 eadem
1157 2358 1289 2423 Homeri
1315 2360 1407 2422 Arati

137 2500 143 2507 ·
175 2462 377 2527 Philemonis
399 2461 515 2527 comici
538 2461 580 2526 de
594 2461 682 2526 loris
704 2460 737 2524 vi
758 2461 890 2526 caelesti
915 2469 947 2525 et
969 2461 1009 2525 de
1025 2460 1113 2526 Iovis
1134 2461 1167 2523 vi
1190 2479 1287 2524 aerea
1309 2460 1406 2541 dicta,

175 2582 260 2646 quae
282 2564 369 2646 apud
384 2562 547 2629 Achillem
568 2564 715 2644 legimus.
753 2563 863 2627 lovem
888 2582 958 2628 esse
981 2560 1154 2642 aetherem,
1179 2569 1213 2625 ut
1235 2561 1333 2627 hodie
1356 2583 1406 2627 res

176 2673 225 2731 est
241 2665 389 2730 mutilato
404 2665 624 2731 commentarii
640 2670 740 2744 textu,
764 2665 955 2730 testimoniis
977 2685 1042 2729 non
1057 2665 1214 2729 declarari
1230 2664 1406 2747 fatendum,

176 2768 234 2833 sed
257 2766 456 2833 confidenter
470 2766 607 2832 dicimus
624 2766 787 2831 exstitisse
810 2766 886 2830 olim
902 2766 1022 2831 ibidem
1038 2767 1106 2832 fere
1129 2788 1178 2849 ea,
1201 2786 1285 2850 quse
1308 2786 1338 2849 p.
1356 2769 1406 2846 24,

177 2871 282 2933 7-23
305 2871 338 2934 in
360 2867 681 2934 Achilleoccurrunt.
719 2866 804 2944 Quid
826 2868 923 2949 igitur
939 2868 1152 2934 concordante
1175 2889 1245 2934 cum
1269 2866 1407 2934 Achillis

176 2972 268 3038 initio
291 2971 465 3054 interprete
487 2971 587 3035 latino
609 2968 808 3034 statuemus?
832 2969 903 3034 Non
926 2971 998 3052 plus
1021 2978 1085 3035 tres
1102 2970 1196 3036 loves
1214 2971 1406 3035 discrevisse

177 3092 249 3138 enm
272 3074 328 3155 qui
349 3073 472 3156 primus
500 3072 581 3137 haec
602 3072 746 3153 scripsit,
776 3071 834 3136 sed
857 3072 1047 3137 dissolutum
1071 3093 1091 3136 a
1114 3071 1274 3135 Cnnnnnn
1296 3073 1406 3137 Iovem

177 3176 347 3260 physicum
363 3176 440 3240 item
461 3182 526 3238 tres
548 3175 581 3238 in
596 3175 753 3252 notiones,
777 3175 901 3238 caelum
917 3174 1080 3239 aetherem
1097 3193 1214 3254 aerem,
1230 3174 1406 3239 addidisse.

177 3277 375 3342 Narrarerat
396 3277 443 3341 ita
456 3275 602 3342 Achilles
625 3296 753 3359 quoque
776 3295 835 3340 nec
851 3276 1040 3359 culpandus,
1063 3277 1091 3340 si
1107 3276 1256 3340 librarius
1278 3276 1407 3358 aliquis,

178 3386 345 3444 accuratus
367 3379 422 3460 qui
438 3377 501 3443 sibi
515 3377 689 3457 videretur,
705 3376 897 3442 dissecando
914 3384 947 3441 et
961 3377 1139 3442 traiciendo
1155 3379 1297 3461 quinque
1313 3378 1407 3443 Ioves

179 3498 219 3545 ex
236 3479 340 3546 tribus
364 3478 478 3545 effecit.
523 3480 583 3546 His
600 3480 757 3563 expositis
780 3478 814 3543 id
830 3488 985 3560 tenemus,
1009 3481 1105 3544 etiam
1129 3479 1278 3544 Achillea
1301 3482 1409 3546 omnia

179 3602 261 3664 quae
285 3582 327 3647 de
347 3582 426 3647 Iove
448 3581 584 3667 physico
607 3589 680 3647 sunt
702 3580 868 3646 reddenda
891 3602 963 3647 esse
983 3582 1151 3647 Mallotae:
1176 3603 1207 3664 p.
1224 3585 1274 3664 23,
1293 3585 1407 3664 5-24,
1452 3583 1455 3587 ’

180 3687 228 3748 23.
252 3704 284 3768 p.
299 3687 351 3767 25,
373 3684 510 3766 21-26,
528 3687 577 3747 20.
617 3684 673 3748 Est
689 3683 750 3749 hoc
765 3683 899 3764 aliquid,
922 3686 1072 3764 quoniam
1089 3704 1171 3765 quae
1188 3704 1217 3766 p.
1236 3687 1286 3764 24,
1304 3688 1407 3750 7-23

180 3787 221 3850 ad
242 3785 428 3852 aethereum
452 3786 539 3852 lovis
565 3787 630 3850 vim
659 3787 820 3868 pertinent
849 3785 962 3850 iisdem
995 3787 1199 3868 etymologiis
1230 3786 1409 3867 eodemque

181 3888 344 3972 Euripidis
366 3896 480 3954 ornata
503 3888 638 3954 frustulo
660 3889 692 3952 iu
713 3880 894 3952 ‘Heracliti'
920 3889 1085 3972 allegoriis
1101 3888 1281 3955 Homericis
1303 3906 1408 3951 rever-

180 3996 288 4056 tuntur
308 3992 392 4055 o.23
421 4011 452 4074 p.
470 3994 510 4056 49
534 3989 682 4055 Mehler.:
714 3988 764 4075 εἴη
795 3981 827 4051 d'
861 3977 901 4053 dv
929 3985 1049 4069 (οἶμαι)
1078 3992 1176 4054 τοῦτο
1206 3987 1290 4065 Ζεὺς
1319 3987 1408 4052 itroi-

183 4115 280 4173 νομος
301 4084 377 4177 ἦτοι
398 4089 435 4157 τὸ
461 4088 517 4178 ζῆν
546 4089 773 4175 παρεχόμενος
797 4083 996 4172 ἀνθρώποις
1018 4081 1038 4177 i}
1061 4088 1155 4175 παρὰ
1178 4089 1238 4174 τὴν
1261 4091 1408 4176 ἔμπορον

185 4189 269 4268 ζέσιν
291 4184 397 4270 οὓτως
418 4186 663 4276 ὠνομασμένος.
698 4191 813 4274 ἀμέλει
837 4193 872 4257 δὲ
894 4194 950 4257 καὶ
973 4190 991 4258 ὁ
1017 4186 1203 4279 Εὐριπίδης
1225 4191 1283 4260 τὸν
1304 4190 1409 4277 ‘irrep-

184 4299 358 4377 τεταμένον
381 4294 505 4380 αἰθέρα
528 4301 632 4384 φησίν
655 4297 704 4370 (fr.
721 4302 780 4362 941
800 4297 880 4370 N.²)·
