3174 5160
508 377 543 431 Π.
562 378 613 430 DE
632 379 745 431 ARATI
764 379 897 432 000105
916 379 1162 434 HIPPAROHEO.
1414 381 1453 438 69

218 544 308 613 πολδ1
330 544 394 632 γὰρ
418 540 535 629 ἆπέχει
556 546 595 613 τό
621 540 796 633 ἇριστερδν
818 549 895 634 γόνυ
918 553 977 616 τοῦ
992 555 1151 635 Περσέως
1174 545 1241 616 ἆπδ
1266 554 1332 617 τῶν
1351 553 1456 619 Πλει-

220 649 321 714 άδων.
366 650 519 733 Sequitur
541 651 641 717 Attali
664 653 700 716 fr.
720 656 768 717 12.
815 654 941 720 Deinde
963 656 1085 737 pergit:
1113 653 1146 717 05
1168 651 1229 737 γὰρ
1254 651 1287 718 έν
1309 656 1358 738 τῷ
1382 647 1462 736 ἆρι·

169 763 197 811 50
219 753 327 836 στερῴ
342 750 426 816 ποδὶ
448 753 507 815 τοῦ
523 756 682 836 Περσέως
699 752 757 818 δύο
774 754 923 841 λαμπροὶ
946 757 1002 820 καὶ
1025 754 1075 819 έτι
1090 754 1160 840 <οί>
1183 753 1217 819 έν
1238 758 1280 840 σι’
1297 747 1455 874 ἀριστερᾷ

219 851 323 941 κνήμῃ
347 852 465 937 πολλοῦ
488 850 631 938 έγγίονές
654 854 720 921 εἰσι
735 858 801 921 τῶν
818 851 1040 923 Πλειάδων
1020 880 1106 942 ηπερ
1121 855 1160 921 τό
1178 850 1352 941 ἀριστερόν
1367 856 1455 940 γόνυ.

306 979 335 1039 5.
359 974 545 1057 Ip.1760
569 971 627 1039 ἐπὶ
651 972 686 1038 δέ
709 969 1069 1058 τοόὌρνιθοςόμνέ
1088 969 1249 1053 Εὔδοξος·

374 1071 469 1159 παρὰ
493 1072 590 1139 δὲ
553 1100 613 1162 την
643 1074 754 1152 δεξιὰν
777 1089 873 1162 χεῖρα
901 1079 963 1142 τοῦ
963 1073 1170 1196 Κηφέως(
1152 1103 1171 1161 5
1196 1075 1288 1155 δεξιὰ
1311 1077 1437 1159 πτέρυξ

377 1174 448 1242 έστλ
463 1179 523 1242 τοῦ
532 1171 701 1262 Ὄρνιθος,
718 1202 811 1261 παρα
800 1175 915 1244 δὲ
880 1204 939 1263 την
956 1171 1133 1263 ἀριστερὰν
1145 1182 1292 1263 πτέρυγα
1308 1180 1340 1244 05
1353 1178 1456 1256 πόδες

176 1289 201 1337 55
375 1281 435 1344 τοῦ
449 1271 583 1346 Ἰππου.

223 1377 239 1446 5
265 1380 300 1445 δὲ
325 1374 465 1465 Ἄρατός
488 1403 591 1469 φησιν
614 1379 673 1447 έπί
694 1384 754 1446 τοῦ
769 1375 930 1464 Ὄρνιθος
953 1385 994 1458 (v.
1012 1385 1193 1460 279-281)

877 1481 961 1546 κατὰ
986 1481 1077 1560 δεξιὰ
1098 1483 1209 1569 χειρός

376 1589 529 1672 Κηφείης
550 1597 689 1669 ταρσοῖο
712 1585 754 1648 τὰ
778 1581 871 1660 δεξιὰ
894 1589 1040 1665 πείρατα
1063 1590 1207 1671 φαίνων·

378 1687 456 1771 λαιῇ
479 1685 515 1750 δὲ
538 1689 676 1770 πτέρυγι
699 1684 875 1770 σκαρθμδς
896 1687 1139 1771 παρακέκλιται
1154 1684 1292 1753 (Ἰππου.

177 1817 202 1864 α
307 1811 337 1871 6.
361 1806 377 1871 1
399 1827 430 1889 p.
447 1807 548 1872 202ss
571 1803 645 1890 ἑξῆς
669 1804 705 1869 οι
728 1803 815 1889 ιιγει
839 1808 880 1883 (v.
898 1809 1097 1886 487-488)·

376 1901 482 1972 ὁπλαὶ
506 1899 535 1970 δ’
552 1897 705 1971 Ἰππειοι
727 1909 782 1972 καὶ
804 1900 990 1987 δπαόχενον
1009 1903 1199 1990 Ὄρνίθειον

376 2002 457 2126 ι’ίκρη
481 2005 540 2073 σὺν
562 2007 701 2094 κεφαλιξ.

221 2109 315 2188 τίνας
329 2109 390 2194 μὲν
408 2074 465 2175 σόν
482 2102 624 2194 ἀστέρας
647 2107 794 2175 έτίθει’
780 2111 837 2174 επὶ
860 2123 934 2186 ταῖς
950 2105 1074 2186 ὁπλαῖς
1088 2112 1148 2174 τοῦ
1162 2099 1296 2188 Ἰππου,
1321 2102 1458 2194 όδιγλον·

222 2209 255 2277 έκ
276 2215 393 2296 μέντοι
415 2213 481 2276 ταῖν
504 2208 563 2277 έπὶ
584 2214 644 2277 τοῦ
660 2206 821 2295 Ὄρνιθος
844 2209 1078 2296 λεγομένιον
1049 2209 1220 2293 ουτως(
1236 2212 1418 2285 279-281)

175 2328 200 2374 σε
862 2311 946 2378 κατὰ
970 2311 1061 2390 δεξιὰ
1082 2306 1196 2397 χειρός

377 2420 530 2503 Κηφείης
551 2427 690 2501 ταρσοῖο
713 2412 755 2479 τὰ
780 2412 871 2492 δεξιὰ
895 2420 1041 2502 πείρατα
1064 2418 1211 2501 φαίνων·

378 2516 456 2602 λαιῇ
479 2515 515 2582 δὲ
537 2522 677 2602 πτέρυγι
700 2515 875 2602 οκαρθμδς
898 2517 1139 2601 παρακέκλιται
1153 2505 1277 2581 (Ἰππου

222 2615 386 2702 δόξεκεν)
408 2605 448 2683 όν
471 2617 669 2704 συνεγγίζειν
691 2622 732 2706 τῇ
756 2617 912 2707 ἀληθεία.

138 2816 141 2824 Ι
309 2741 339 2802 7.
363 2736 379 2801 Ι
399 2757 431 2821 p.
449 2739 550 2803 1765
573 2741 652 2823 περὶ
676 2737 712 2802 δὲ
734 2741 800 2803 τῶν
824 2732 972 2824 ἀστέρων
994 2739 1060 2800 τῶν
1084 2732 1142 2801 έπὶ
1164 2737 1224 2800 τοῦ
1245 2737 1385 2818 θερινοό
1406 2736 1463 2800 καὶ

171 2857 197 2904 το
217 2839 411 2926 χειμερινοῦ
432 2842 597 2924 τροπικοῦ
613 2842 816 2927 φερομένων,
840 2839 889 2905 ἐ’τι
913 2837 948 2902 δὲ
972 2836 1029 2902 έπί
1051 2840 1112 2902 τοῦ
1136 2835 1338 2923 ίσημερινοῦ,
1361 2833 1378 2901 5
1402 2836 1462 2918 μὲν

220 2935 369 3018 Εὔδοξός
392 2964 496 3029 φησιν
519 2941 576 3009 έπί
600 2944 660 3008 τοῦ
682 2944 821 3024 θερινοῦ
845 2932 965 3015 οὕτως·

376 3040 449 3109 ’ἐστι
472 3043 508 3108 δὲ
530 3041 564 3108 έν
586 3041 695 3129 τούτῳ
717 3042 759 3107 τὰ
781 3046 868 3126 μέσα
897 3044 956 3107 τοῦ
980 3047 1146 3126 Καρκίνου
1175 3038 1296 3106 καὶτὰ
1320 3038 1376 3105 διὰ
1403 3042 1463 3104 τοῦ

378 3143 533 3228 σώματος
548 3143 632 3211 κατὰ
647 3147 751 3233 μῆκος
766 3148 826 3209 τοῦ
841 3148 1002 3224 Λέοντος,
1018 3146 1078 3232 τῆς
1094 3143 1129 3207 δὲ
1145 3146 1328 3227 Παρθένου
1343 3140 1462 3224 μικρὸν

377 3241 511 3313 όνωθεν
533 3250 589 3313 καὶ
612 3242 629 3313 5
652 3240 752 3331 55555
767 3250 827 3312 τοῦ
844 3245 998 3330 ἐχομένου
1007 3241 1140 3331 Ὄφεως
1161 3247 1217 3311 καί
1240 3239 1259 3331 5
1277 3242 1370 3321 δεξιὰ
1389 3245 1462 3329 χεὶρ

377 3352 437 3415 τοῦ
456 3343 645 3435 Ἐνγοόνασι
665 3351 721 3414 καὶ
744 3344 764 3438 5
787 3345 915 3436 κεφαλὴ
937 3351 997 3414 τοῦ
1020 3341 1198 3472 Ὀφιοόχρυ
1227 3348 1282 3411 καὶ
1313 3340 1330 3411 5
1362 3337 1462 3430 αὐχὴν

378 3455 438 3517 τοῦ
458 3446 621 3538 Ὄρνιθος
649 3447 747 3539 καὶὴ
778 3444 937 3536 ἆριστερὰ
967 3448 1093 3566 πτέρυξ
1118 3451 1174 3514 καὶ
1198 3449 1231 3514 05
1258 3450 1318 3512 τοῦ
1338 3439 1463 3512 Ἰππου

378 3552 579 3634 πόδεςβέτι
602 3553 715 3620 δὲκαὶ
744 3549 763 3638 5
789 3550 881 3631 δεξιὰ
903 3554 974 3635 χείρ
1006 3555 1079 3678 559
1087 3545 1322 3667 Ἀνδρομέδας
1338 3552 1394 3614 καὶ
1423 3545 1462 3614 τδ

377 3653 501 3739 μεταξὺ
519 3658 586 3722 τῶν
602 3656 718 3721 ποδῶν
733 3680 792 3721 του
778 3659 967 3739 Περσέως
982 3655 1038 3719 καὶ
1062 3649 1079 3718 5
1097 3647 1273 3739 όιριστερδς
1295 3675 1385 3734 ωμος
1407 3651 1463 3713 καὶ

379 3782 399 3845 5
423 3778 584 3844 αριοτερα
606 3756 721 3845 κνήμη,
745 3757 795 3823 έτι
818 3759 854 3823 δὲ
876 3755 918 3822 τδι
941 3754 1066 3841 γόνατα
1088 3758 1150 3822 τοῦ
1169 3750 1324 3834 Ἡνιόχου
1347 3752 1402 3816 καὶ
1426 3749 1463 3814 αί

378 3859 524 3945 κεφαλαὶ
546 3863 612 3926 τῶν
624 3859 794 3943 Διδύμων.
834 3856 906 3925 εἶτα
924 3864 1112 3941 συμπίπτει
1131 3856 1218 3941 πρὸς
1237 3882 1279 3920 τα
1267 3853 1381 3937 μέσα
1402 3854 1463 3917 τοῦ

380 3967 558 4048 Καρκίνου.

313 4167 355 4228 48,
366 4167 396 4218 61
417 4158 596 4236 πληιάδωνῐι
610 4165 619 4231 ΙΙ
633 4168 665 4218 50
684 4165 764 4233 suppl
776 4163 833 4216 wil
846 4165 856 4231 λ
868 4170 897 4218 51
919 4162 1067 4236 ἕγγίοντες
1079 4163 1102 4216 L
1117 4166 1125 4228 [Ι
1138 4166 1171 4215 54
1189 4159 1267 4216 ἐστὶν
1278 4157 1302 4211 L
1314 4159 1324 4227 ΙΙ
1337 4160 1370 4211 62
1388 4152 1462 4227 όῖιιρη

224 4249 386 4304 Marcianus
403 4254 435 4303 ut
452 4248 554 4304 assolet
570 4252 579 4317 n
600 4252 632 4303 68
650 4248 787 4318 supplevi:
807 4245 919 4316 δόξειαν
937 4268 963 4305 ο.
976 4248 1009 4314 V,
1028 4244 1104 4314 δόξει
1122 4244 1159 4303 δν
1177 4264 1202 4301 σ.
1220 4244 1268 4315 Lu
1281 4248 1312 4298 72
1331 4237 1408 4299 ἔστιν
1420 4241 1461 4311 Lu

226 4338 260 4389 79
279 4330 407 4407 γοόνατα
424 4334 448 4388 [ι
468 4328 531 4402 λτδι
550 4338 614 4390 ante
632 4336 684 4390 τοῦ
701 4333 755 4388 add
766 4333 800 4388 V.
