3174 5160
441 349 516 403 VIll.
535 350 586 402 DE
605 349 675 404 000
694 349 897 405 POETARUM
916 352 1117 409 SODALICIO.
1340 353 1401 414 327

254 521 409 586 Aratum
424 520 556 606 ομιιιον,
580 526 622 582 ut
638 521 681 583 da
694 520 868 584 sideribus
883 522 1053 596 scriberet,
1070 529 1213 609 practer
1227 522 1408 609 Antigoni

168 622 306 686 iussum
322 621 495 707 imprimis
511 620 714 696 Stoicorum,
738 645 885 706 quorum
904 623 1112 710 disciplinae
1127 624 1229 688 c'llum
1245 624 1401 689 desirium

159 724 285 810 juisse
306 729 448 799 constat,
476 723 570 788 illud
591 723 697 787 νιονιί
718 725 818 802 καλὸς
841 726 875 790 di
899 722 916 791 ὁ
940 725 1079 810 κόσμος·
1104 728 1204 811 δῆλον
1226 720 1259 791 d'
1286 725 1321 792 ἐκ
1342 731 1402 793 τοῦ

169 826 339 915 σχήματος
365 829 421 891 καὶ
449 830 509 892 τοῦ
537 826 714 912 χρώματος
739 829 794 891 ναὶ
816 830 877 891 τοῦ
898 833 1063 912 μεγέθους
1084 831 1138 894 καὶ
1161 832 1220 914 τῆς
1242 831 1322 910 περὶ
1343 829 1403 895 τὸν

168 929 294 1012 κόσμον
315 931 383 994 τῶν
405 922 554 1015 ἀστέρων
577 931 800 1006 ποικιλίας..
821 927 968 995 ἐπιτελεῖ
990 928 1027 996 τὸ
1051 929 1171 1007 κάλλος
1194 934 1253 996 τοῦ
1275 929 1401 1014 sielsoe

168 1034 225 1097 καὶ
259 1029 301 1097 τὰ
336 1025 576 1116 φαινόμενα..
600 1031 762 1114 ἐλάβομεν
785 1025 817 1096 d'
844 1031 879 1096 ἐκ
910 1031 1029 1097 τούτου
1067 1030 1197 1098 ἔννοιαν
1226 1035 1312 1097 θεοῦ
1339 1035 1402 1100 Ro

170 1136 279 1202 bertus
306 1136 353 1199 ait
378 1125 556 1200 ‘Datasten'
589 1154 620 1217 p.
643 1138 716 1200 246.
761 1138 907 1202 Actnmst
935 1136 976 1201 de
1004 1136 1176 1217 Antigono.
1222 1136 1403 1219 Disciplina

169 1238 261 1302 Arati
294 1237 423 1319 proprie
452 1236 555 1302 stoica
582 1238 610 1302 si
638 1246 798 1320 quaeest
830 1230 1130 1303 e‘Phaenomenis'
1168 1238 1402 1319 quadamtenus

169 1339 357 1423 perspicua,
386 1337 647 1420 qnandoquidem
671 1340 704 1403 in
727 1339 774 1405 Co
797 1341 902 1404 insula
924 1346 999 1404 aute
1021 1340 1304 1405 commorationem
1330 1342 1402 1405 atti-

169 1461 241 1506 cam
263 1460 391 1506 carmen
413 1440 564 1523 perfecit:
586 1460 650 1505 uon
673 1441 786 1507 licebit
806 1442 1015 1524 inposterum
1032 1439 1402 1508 StoicorumAthenien·

169 1544 252 1609 sium
274 1561 368 1607 usum
397 1549 430 1607 et
451 1542 714 1608 consuetudinem
737 1562 881 1626 arguere.
927 1541 1110 1607 Dummodo
1132 1543 1165 1606 in
1188 1542 1402 1609 describendo

170 1645 262 1710 caelo
284 1645 479 1710 substitisset
499 1663 584 1709 neve
605 1645 698 1727 signa
719 1646 923 1729 potissimum
945 1643 988 1708 ad
1011 1645 1110 1709 vitam
1133 1643 1297 1709 hominnm
1317 1647 1402 1711 salu·

169 1747 253 1811 taria
274 1752 462 1828 spectasset,
484 1746 518 1809 in
540 1745 673 1811 Boberti
693 1748 846 1829 opinione
867 1745 961 1811 nobis
983 1746 1252 1830 acquiescendum
1274 1755 1401 1829 putare-

170 1868 256 1930 mus,
284 1849 346 1914 nisi
375 1848 462 1930 qnod
490 1849 664 1914 etiamtunc
692 1851 833 1914 rationes
855 1849 973 1914 stoicas
996 1869 1014 1915 e
1035 1849 1141 1932 patria
1161 1849 1295 1913 Aratum
1318 1847 1401 1915 Stoi·

170 1971 279 2018 corum
301 1952 394 2032 quasi
416 1951 605 2032 provinciae
627 1957 660 2015 et
681 1952 797 2033 origini
820 1952 927 2017 vicina
949 1958 1131 2034 reportasse
1153 1952 1401 2017 existimaretur.

170 2055 264 2119 Nunc
286 2072 364 2118 vero
384 2054 452 2116 alia
473 2061 506 2118 et
528 2051 659 2118 diversa
677 2054 796 2118 fuerint
809 2061 936 2137 oportet
950 2051 1111 2119 scribendi
1127 2054 1294 2119 eonsilium
1310 2054 1402 2119 Arati

172 2177 212 2222 ac
224 2162 395 2221 momenta
432 2153 569 2236 Semper
583 2175 741 2221 summum
757 2165 807 2221 est
829 2157 861 2220 in
883 2155 999 2220 litteris
1020 2175 1060 2220 ae
1081 2155 1219 2238 primum
1235 2155 1315 2238 qnid
1329 2157 1402 2239 quis

170 2266 237 2325 toto
259 2259 378 2340 scripto
400 2257 538 2322 voluerit
560 2259 759 2340 explorasse.
803 2256 875 2336 Quo
898 2258 1083 2340 explorato,
1112 2276 1280 2340 quousque
1306 2258 1402 2324 nobis

171 2359 379 2426 adnitendum
402 2360 454 2442 sit,
476 2367 629 2442 quantum
654 2369 686 2424 et
708 2359 949 2442 interpretando
967 2368 1001 2426 et
1014 2368 1083 2424 arte
1098 2361 1210 2425 critica
1223 2359 1403 2426 munda

174 2464 276 2548 possit
296 2461 421 2543 auderi,
444 2463 527 2527 ultro
549 2462 695 2544 patescit
740 2461 831 2526 Nihil
853 2483 931 2528 vero
953 2482 994 2527 ne
1016 2462 1176 2528 tantillum
1199 2462 1330 2544 quidem
1352 2482 1401 2527 ra·

172 2567 293 2630 tionum
319 2565 582 2647 astrologicamm
604 2584 664 2649 per
686 2565 777 2628 Arati
800 2585 929 2630 carmen
951 2585 1091 2647 unquam
1114 2563 1319 2630 observatum
1342 2570 1401 2630 est

174 2668 320 2732 Diximus
341 2685 373 2749 p.
388 2669 452 2730 216
473 2675 505 2732 et
527 2669 600 2748 227,
624 2686 695 2732 eum
719 2674 814 2746 tacet,
836 2668 977 2732 clamare
999 2674 1128 2750 poetam
1151 2686 1278 2732 omnem
1300 2673 1401 2732 astro

172 2770 291 2852 logiam
306 2769 535 2834 abominatum.
571 2767 635 2845 Qui
651 2768 728 2833 dum
747 2771 779 2834 in
795 2769 842 2836 Co
865 2772 971 2834 insula
993 2770 1107 2834 litteris
1129 2776 1235 2848 vacat,
1257 2768 1401 2835 scholam

172 2872 397 2953 astrologicam
411 2871 551 2937 Berosus
565 2871 752 2938 Chaldaeus
769 2872 891 2938 ibidem
912 2880 1083 2955 aperuerat
1106 2872 1191 2936 hand
1214 2871 1400 2953 ignobilem.

172 2972 262 3038 Nihil
284 2975 389 3056 magis
412 2976 494 3039 inter
515 2994 552 3039 ae
574 2973 691 3040 hostile
712 2983 821 3041 mente
843 2974 920 3058 fingi
943 2975 1045 3058 possit
1064 2982 1097 3039 et
1111 2972 1289 3039 abhorrens
1304 2992 1400 3055 quam

174 3077 265 3140 Arati
286 3076 369 3141 ratio
389 3083 423 3140 et
443 3076 567 3141 Berosi
611 3075 747 3143 Hostilia
768 3078 868 3161 igitur
889 3074 1080 3142 Aristotheri
1102 3075 1276 3158 disciplina
1300 3083 1401 3140 astro-

172 3179 256 3261 logis
276 3179 461 3244 Berosianis
482 3199 586 3262 eoque
607 3180 704 3245 fuerit
731 3179 879 3245 hostilior
906 3188 1048 3264 oportet,
1076 3198 1140 3260 qno
1170 3176 1205 3241 hi
1233 3177 1339 3259 magis
1367 3177 1399 3240 in

174 3280 344 3346 Graeciam
364 3300 436 3347 sese
457 3282 657 3347 msinuarent
671 3290 704 3348 et
718 3291 894 3348 sectatores
907 3281 1025 3346 multos
1047 3280 1148 3353 (velut
1163 3281 1246 3344 inter
1259 3277 1401 3357 Stoicos)

174 3381 471 3465 adipiscentem
511 3383 726 3450 Athenienses
736 3393 842 3450 statim
855 3386 1010 3451 Berosum
1022 3390 1187 3447 ornarunt:
1201 3382 1278 3447 inde
1292 3388 1400 3446 aucto

174 3485 299 3549 ritatem
320 3485 382 3549 viri
402 3487 618 3552 aestimamus
662 3488 747 3553 Hinc
775 3490 932 3570 originem
961 3494 994 3551 et
1014 3504 1125 3549 mm
1144 3477 1400 3549 ‘Phaenomeuo-

175 3580 258 3650 rnm'
282 3587 375 3651 Arati
396 3592 441 3652 tet
462 3589 597 3656 tortasse
618 3591 798 3655 Alexandri
821 3592 941 3666 Aetoli)
973 3589 1066 3655 uobis
1087 3588 1305 3671 persuasimus
1327 3604 1400 3651 esse

176 3690 357 3770 petendam
400 3689 471 3756 Nec
498 3691 649 3758 ridentur
676 3695 786 3759 omnia
813 3691 1012 3758 Chaldaioee
1045 3691 1237 3773 disciplinae
1258 3689 1399 3770 vestigia

176 3790 210 3853 in
222 3789 271 3855 Co
291 3792 396 3856 insula
417 3813 548 3875 prorsas
568 3798 728 3861 eutium
750 3816 832 3861 esse.
870 3797 922 3859 Ab
934 3789 1096 3877 ‘Assy-rio
1122 3792 1250 3874 hospite
1270 3791 1397 3855 mulier-

179 4064 383 4113 ineundum
355 4069 497 4130 vigilias&
488 4059 1203 4128 &wmfiml'hmdshnnumpi
1223 4063 1291 4108 7⁶²¹·
1296 4070 1397 4122 *³⁵1⁰*

760 4173 777 4181 ,.
916 4171 924 4179 ,
995 4155 1061 4181 „a
1173 4167 1180 4177 ,
1227 4164 1231 4171 -
1277 4163 1300 4190 ,ι
1344 4156 1399 4191 ,a

237 4244 398 4287 sextat*
497 4254 503 4275 1
517 4254 571 4288 eru
594 4245 708 4290 aljar:
709 4243 882 4289 ι’,ιιιι“ιιι
916 4250 1106 4300 :managans
1134 4274 1158 4281 ..

258 4254 854 4381 ἰεᾱιιιιιιιςινιιιιιιιιιιιωι
873 4323 1085 4390 humaz.
