<?xml version="1.0" encoding="UTF-8"?>
<!DOCTYPE html PUBLIC "-//W3C//DTD XHTML 1.0 Transitional//EN"
    "http://www.w3.org/TR/xhtml1/DTD/xhtml1-transitional.dtd">
<html xmlns="http://www.w3.org/1999/xhtml" xml:lang="en" lang="en">
 <head>
  <title>
</title>
<meta http-equiv="Content-Type" content="text/html;charset=utf-8" />
  <meta name='ocr-system' content='tesseract 3.04.00' />
  <meta name='ocr-capabilities' content='ocr_page ocr_carea ocr_par ocr_line ocrx_word'/>
</head>
<body>
  <div class='ocr_page' id='page_1' title='image "./aratea00maasgoog_0128.png"; bbox 0 0 3174 5160; ppageno 0'>
   <div class='ocr_carea' id='block_1_1' title="bbox 283 355 1402 429">
    <p class='ocr_par' dir='ltr' id='par_1_1' title="bbox 283 355 1402 429">
     <span class='ocr_line' id='line_1_1' title="bbox 283 355 1402 429; baseline -0.005 -9"><span class='ocrx_word' id='word_1_1' title='bbox 283 366 333 420; x_wconf 90' lang='lat' dir='ltr'>Ill.</span> <span class='ocrx_word' id='word_1_2' title='bbox 354 365 404 418; x_wconf 85' lang='lat' dir='ltr'>DE</span> <span class='ocrx_word' id='word_1_3' title='bbox 423 364 537 418; x_wconf 82' lang='lat' dir='ltr'><strong>ARATI</strong></span> <span class='ocrx_word' id='word_1_4' title='bbox 554 361 822 418; x_wconf 81' lang='lat' dir='ltr'>INTERPRETUM</span> <span class='ocrx_word' id='word_1_5' title='bbox 840 360 901 429; x_wconf 78' lang='lat' dir='ltr'>qul</span> <span class='ocrx_word' id='word_1_6' title='bbox 920 359 1070 414; x_wconf 82' lang='lat' dir='ltr'>FERTUR</span> <span class='ocrx_word' id='word_1_7' title='bbox 1088 357 1291 415; x_wconf 79' lang='lat' dir='ltr'><strong>CATALOGO.</strong></span> <span class='ocrx_word' id='word_1_8' title='bbox 1343 355 1402 414; x_wconf 83' lang='lat'>123</span> 
     </span>
    </p>
   </div>
   <div class='ocr_carea' id='block_1_2' title="bbox 177 523 1402 1338">
    <p class='ocr_par' dir='ltr' id='par_1_2' title="bbox 177 523 1402 1029">
     <span class='ocr_line' id='line_1_2' title="bbox 181 523 1401 622; baseline -0.007 -19"><span class='ocrx_word' id='word_1_9' title='bbox 181 539 311 604; x_wconf 88' lang='grc' dir='ltr'><strong><em>στυλλοι</em></strong></span> <span class='ocrx_word' id='word_1_10' title='bbox 324 536 383 604; x_wconf 81' lang='grc' dir='ltr'>δύο</span> <span class='ocrx_word' id='word_1_11' title='bbox 394 543 595 622; x_wconf 83' lang='grc' dir='ltr'><em>γεωμέτραι·</em></span> <span class='ocrx_word' id='word_1_12' title='bbox 611 529 839 611; x_wconf 77' lang='grc' dir='ltr'><strong><em>Ἀπολλώνιος</em></strong></span> <span class='ocrx_word' id='word_1_13' title='bbox 854 539 1050 621; x_wconf 79' lang='grc' dir='ltr'><strong><em>γεωμέτρης.</em></strong></span> <span class='ocrx_word' id='word_1_14' title='bbox 1072 523 1289 600; x_wconf 73' lang='lat' dir='ltr'>‘Geometrae&#39;</span> <span class='ocrx_word' id='word_1_15' title='bbox 1305 532 1401 614; x_wconf 84' lang='lat' dir='ltr'>sigui-</span> 
     </span>
     <span class='ocr_line' id='line_1_3' title="bbox 179 637 1400 725; baseline -0.006 -19"><span class='ocrx_word' id='word_1_16' title='bbox 179 641 282 708; x_wconf 84' lang='lat' dir='ltr'>ficatio</span> <span class='ocrx_word' id='word_1_17' title='bbox 306 642 399 708; x_wconf 89' lang='lat' dir='ltr'>deest</span> <span class='ocrx_word' id='word_1_18' title='bbox 420 644 453 706; x_wconf 94' lang='lat' dir='ltr'>in</span> <span class='ocrx_word' id='word_1_19' title='bbox 469 640 604 725; x_wconf 87' lang='lat' dir='ltr'>Pyrrho,</span> <span class='ocrx_word' id='word_1_20' title='bbox 629 640 720 705; x_wconf 87' lang='lat' dir='ltr'>deest</span> <span class='ocrx_word' id='word_1_21' title='bbox 741 638 859 722; x_wconf 88' lang='lat' dir='ltr'><strong>Pyrrhi</strong></span> <span class='ocrx_word' id='word_1_22' title='bbox 881 639 922 704; x_wconf 92' lang='lat' dir='ltr'>de</span> <span class='ocrx_word' id='word_1_23' title='bbox 946 637 1155 721; x_wconf 91' lang='lat' dir='ltr'>suppositicio</span> <span class='ocrx_word' id='word_1_24' title='bbox 1178 637 1268 700; x_wconf 86' lang='lat' dir='ltr'>Arati</span> <span class='ocrx_word' id='word_1_25' title='bbox 1291 654 1400 719; x_wconf 91' lang='lat' dir='ltr'>prooe-</span> 
     </span>
     <span class='ocr_line' id='line_1_4' title="bbox 180 738 1401 826; baseline -0.003 -19"><span class='ocrx_word' id='word_1_26' title='bbox 180 746 239 810; x_wconf 93' lang='lat' dir='ltr'>mio</span> <span class='ocrx_word' id='word_1_27' title='bbox 256 745 422 826; x_wconf 89' lang='lat' dir='ltr'>iudicium,</span> <span class='ocrx_word' id='word_1_28' title='bbox 446 762 574 826; x_wconf 88' lang='lat' dir='ltr'>prorsus</span> <span class='ocrx_word' id='word_1_29' title='bbox 594 743 686 808; x_wconf 80' lang='lat' dir='ltr'><strong>deest</strong></span> <span class='ocrx_word' id='word_1_30' title='bbox 702 740 861 806; x_wconf 79' lang='lat' dir='ltr'>Euclides.</span> <span class='ocrx_word' id='word_1_31' title='bbox 900 739 986 822; x_wconf 82' lang='lat' dir='ltr'>Ergo</span> <span class='ocrx_word' id='word_1_32' title='bbox 1009 740 1043 804; x_wconf 92' lang='lat' dir='ltr'>id</span> <span class='ocrx_word' id='word_1_33' title='bbox 1059 738 1189 822; x_wconf 90' lang='lat' dir='ltr'>quidem</span> <span class='ocrx_word' id='word_1_34' title='bbox 1205 739 1401 820; x_wconf 83' lang='lat' dir='ltr'>dispicimus,</span> 
     </span>
     <span class='ocr_line' id='line_1_5' title="bbox 178 841 1402 925; baseline -0.004 -15"><span class='ocrx_word' id='word_1_35' title='bbox 178 847 272 912; x_wconf 84' lang='lat' dir='ltr'>indici</span> <span class='ocrx_word' id='word_1_36' title='bbox 289 847 317 910; x_wconf 85' lang='grc' dir='ltr'>Α</span> <span class='ocrx_word' id='word_1_37' title='bbox 341 845 472 911; x_wconf 84' lang='lat' dir='ltr'>affinem</span> <span class='ocrx_word' id='word_1_38' title='bbox 496 864 568 910; x_wconf 90' lang='lat' dir='ltr'>esse</span> <span class='ocrx_word' id='word_1_39' title='bbox 583 845 749 909; x_wconf 86' lang='lat' dir='ltr'>Arceriani</span> <span class='ocrx_word' id='word_1_40' title='bbox 765 844 922 924; x_wconf 79' lang='lat' dir='ltr'><strong>eclogam,</strong></span> <span class='ocrx_word' id='word_1_41' title='bbox 946 842 1005 908; x_wconf 91' lang='lat' dir='ltr'>sed</span> <span class='ocrx_word' id='word_1_42' title='bbox 1025 861 1092 907; x_wconf 92' lang='lat' dir='ltr'>rem</span> <span class='ocrx_word' id='word_1_43' title='bbox 1107 841 1284 907; x_wconf 90' lang='lat' dir='ltr'>divinando</span> <span class='ocrx_word' id='word_1_44' title='bbox 1306 860 1402 925; x_wconf 90' lang='lat' dir='ltr'>posse</span> 
     </span>
     <span class='ocr_line' id='line_1_6' title="bbox 177 947 474 1029; baseline -0.01 -16"><span class='ocrx_word' id='word_1_45' title='bbox 177 947 285 1014; x_wconf 91' lang='lat' dir='ltr'>confici</span> <span class='ocrx_word' id='word_1_46' title='bbox 310 967 474 1029; x_wconf 89' lang='lat' dir='ltr'>negamus.</span> 
     </span>
    </p>

    <p class='ocr_par' dir='ltr' id='par_1_3' title="bbox 178 1046 1402 1338">
     <span class='ocr_line' id='line_1_7' title="bbox 260 1046 1402 1132; baseline -0.001 -20"><span class='ocrx_word' id='word_1_47' title='bbox 260 1050 421 1132; x_wconf 81' lang='lat' dir='ltr'>Deinceps</span> <span class='ocrx_word' id='word_1_48' title='bbox 440 1048 660 1130; x_wconf 89' lang='lat' dir='ltr'>catalogumB</span> <span class='ocrx_word' id='word_1_49' title='bbox 676 1047 876 1130; x_wconf 92' lang='lat' dir='ltr'>adpouimus.</span> <span class='ocrx_word' id='word_1_50' title='bbox 912 1046 1015 1124; x_wconf 82' lang='lat' dir='ltr'>Quem</span> <span class='ocrx_word' id='word_1_51' title='bbox 1036 1046 1180 1111; x_wconf 88' lang='lat' dir='ltr'><strong>ordinem</strong></span> <span class='ocrx_word' id='word_1_52' title='bbox 1196 1047 1251 1110; x_wconf 93' lang='lat' dir='ltr'>ille</span> <span class='ocrx_word' id='word_1_53' title='bbox 1275 1053 1402 1112; x_wconf 88' lang='lat' dir='ltr'>secutus</span> 
     </span>
     <span class='ocr_line' id='line_1_8' title="bbox 178 1148 1401 1232; baseline -0.004 -14"><span class='ocrx_word' id='word_1_54' title='bbox 178 1159 259 1218; x_wconf 82' lang='lat' dir='ltr'>esset</span> <span class='ocrx_word' id='word_1_55' title='bbox 271 1173 343 1218; x_wconf 91' lang='lat' dir='ltr'>cum</span> <span class='ocrx_word' id='word_1_56' title='bbox 359 1159 433 1217; x_wconf 90' lang='lat' dir='ltr'>ante</span> <span class='ocrx_word' id='word_1_57' title='bbox 450 1150 508 1216; x_wconf 91' lang='lat' dir='ltr'>bos</span> <span class='ocrx_word' id='word_1_58' title='bbox 521 1149 634 1216; x_wconf 87' lang='lat' dir='ltr'>decem</span> <span class='ocrx_word' id='word_1_59' title='bbox 646 1169 746 1215; x_wconf 90' lang='lat' dir='ltr'>annos</span> <span class='ocrx_word' id='word_1_60' title='bbox 758 1150 894 1232; x_wconf 84' lang='lat' dir='ltr'>fugisset</span> <span class='ocrx_word' id='word_1_61' title='bbox 906 1169 974 1231; x_wconf 88' lang='lat' dir='ltr'>nos,</span> <span class='ocrx_word' id='word_1_62' title='bbox 987 1156 1074 1215; x_wconf 90' lang='lat' dir='ltr'>recte</span> <span class='ocrx_word' id='word_1_63' title='bbox 1087 1149 1213 1214; x_wconf 90' lang='lat' dir='ltr'>iuterim</span> <span class='ocrx_word' id='word_1_64' title='bbox 1227 1148 1401 1214; x_wconf 90' lang='lat' dir='ltr'>Boebmius</span> 
     </span>
     <span class='ocr_line' id='line_1_9' title="bbox 178 1253 878 1338; baseline -0.001 -20"><span class='ocrx_word' id='word_1_65' title='bbox 178 1257 196 1319; x_wconf 90' lang='lat' dir='ltr'>l.</span> <span class='ocrx_word' id='word_1_66' title='bbox 219 1277 245 1321; x_wconf 90' lang='lat' dir='ltr'>c.</span> <span class='ocrx_word' id='word_1_67' title='bbox 268 1274 300 1338; x_wconf 90' lang='lat' dir='ltr'>p.</span> <span class='ocrx_word' id='word_1_68' title='bbox 319 1257 379 1319; x_wconf 88' lang='lat'>308</span> <span class='ocrx_word' id='word_1_69' title='bbox 405 1254 462 1318; x_wconf 91' lang='lat' dir='ltr'>has</span> <span class='ocrx_word' id='word_1_70' title='bbox 484 1253 647 1318; x_wconf 87' lang='lat' dir='ltr'>distribuit</span> <span class='ocrx_word' id='word_1_71' title='bbox 670 1253 878 1329; x_wconf 77' lang='lat' dir='ltr'>columnas:²)</span> 
     </span>
    </p>
   </div>
   <div class='ocr_carea' id='block_1_3' title="bbox 461 1385 1110 1470">
    <p class='ocr_par' dir='ltr' id='par_1_4' title="bbox 461 1385 1110 1470">
     <span class='ocr_line' id='line_1_10' title="bbox 461 1385 1110 1470; baseline -0.003 -16"><span class='ocrx_word' id='word_1_72' title='bbox 461 1391 487 1454; x_wconf 92' lang='lat' dir='ltr'><strong>B</strong></span> <span class='ocrx_word' id='word_1_73' title='bbox 511 1387 543 1452; x_wconf 81' lang='lat' dir='ltr'>oi</span> <span class='ocrx_word' id='word_1_74' title='bbox 566 1389 645 1470; x_wconf 80' lang='grc' dir='ltr'><strong><em>περὶ</em></strong></span> <span class='ocrx_word' id='word_1_75' title='bbox 669 1389 728 1452; x_wconf 86' lang='grc' dir='ltr'><strong><em>ταῦ</em></strong></span> <span class='ocrx_word' id='word_1_76' title='bbox 750 1385 858 1452; x_wconf 81' lang='grc' dir='ltr'><strong><em>ντόλου</em></strong></span> <span class='ocrx_word' id='word_1_77' title='bbox 882 1385 1110 1464; x_wconf 81' lang='grc' dir='ltr'><strong><em>συντάξαντες.</em></strong></span> 
     </span>
    </p>
   </div>
   <div class='ocr_carea' id='block_1_4' title="bbox 176 1516 1400 2533">
    <p class='ocr_par' dir='ltr' id='par_1_5' title="bbox 198 1516 1304 1711">
     <span class='ocr_line' id='line_1_11' title="bbox 198 1516 1304 1610; baseline -0.005 -19"><span class='ocrx_word' id='word_1_78' title='bbox 198 1532 223 1592; x_wconf 94' lang='grc'><strong>1.</strong></span> <span class='ocrx_word' id='word_1_79' title='bbox 246 1519 411 1590; x_wconf 83' lang='grc' dir='ltr'><strong><em>Άντολλό-</em></strong></span> <span class='ocrx_word' id='word_1_80' title='bbox 507 1528 536 1590; x_wconf 88' lang='lat'><strong>2.</strong></span> <span class='ocrx_word' id='word_1_81' title='bbox 562 1530 701 1606; x_wconf 83' lang='grc' dir='ltr'><strong><em>Γεμῖνος</em></strong></span> <span class='ocrx_word' id='word_1_82' title='bbox 813 1528 842 1591; x_wconf 86' lang='grc'>3.</span> <span class='ocrx_word' id='word_1_83' title='bbox 866 1516 1046 1600; x_wconf 74' lang='grc' dir='ltr'><strong><em>Εὐαίνετος</em></strong></span> <span class='ocrx_word' id='word_1_84' title='bbox 1119 1529 1147 1590; x_wconf 85' lang='grc'>4.</span> <span class='ocrx_word' id='word_1_85' title='bbox 1171 1520 1304 1610; x_wconf 84' lang='grc' dir='ltr'><strong><em>Κράτης</em></strong></span> 
     </span>
     <span class='ocr_line' id='line_1_12' title="bbox 248 1628 356 1711; baseline 0.009 -19"><span class='ocrx_word' id='word_1_86' title='bbox 248 1628 356 1711; x_wconf 89' lang='grc' dir='ltr'><strong><em>δωρος</em></strong></span> 
     </span>
    </p>

    <p class='ocr_par' dir='ltr' id='par_1_6' title="bbox 198 1723 1357 1816">
     <span class='ocr_line' id='line_1_13' title="bbox 198 1723 1357 1816; baseline -0.003 -20"><span class='ocrx_word' id='word_1_87' title='bbox 198 1737 225 1798; x_wconf 81' lang='lat'><strong>5.</strong></span> <span class='ocrx_word' id='word_1_88' title='bbox 250 1723 463 1816; x_wconf 77' lang='grc' dir='ltr'><strong><em>Ἀρίστυλλος</em></strong></span> <span class='ocrx_word' id='word_1_89' title='bbox 503 1733 532 1797; x_wconf 87' lang='grc'>6.</span> <span class='ocrx_word' id='word_1_90' title='bbox 555 1727 721 1805; x_wconf 80' lang='grc' dir='ltr'><strong><em>Διόδοτος</em></strong></span> <span class='ocrx_word' id='word_1_91' title='bbox 809 1727 1063 1816; x_wconf 78' lang='grc' dir='ltr'><strong><em>7.]11ηνόδοτος</em></strong></span> <span class='ocrx_word' id='word_1_92' title='bbox 1117 1732 1144 1794; x_wconf 87' lang='grc'>8.</span> <span class='ocrx_word' id='word_1_93' title='bbox 1169 1726 1357 1816; x_wconf 77' lang='grc' dir='ltr'><strong><em>Ζηνόδοτος</em></strong></span> 
     </span>
    </p>

    <p class='ocr_par' dir='ltr' id='par_1_7' title="bbox 196 1830 1306 1920">
     <span class='ocr_line' id='line_1_14' title="bbox 196 1830 1306 1920; baseline -0.005 -18"><span class='ocrx_word' id='word_1_94' title='bbox 196 1841 224 1902; x_wconf 85' lang='grc'>9.</span> <span class='ocrx_word' id='word_1_95' title='bbox 248 1831 409 1910; x_wconf 79' lang='grc' dir='ltr'><strong><em>Ἄτταλος</em></strong></span> <span class='ocrx_word' id='word_1_96' title='bbox 487 1840 535 1898; x_wconf 86' lang='lat'><strong>10.</strong></span> <span class='ocrx_word' id='word_1_97' title='bbox 559 1832 710 1915; x_wconf 76' lang='grc' dir='ltr'><strong><em>Δίδυμος</em></strong></span> <span class='ocrx_word' id='word_1_98' title='bbox 795 1840 843 1898; x_wconf 96' lang='grc'>11.</span> <span class='ocrx_word' id='word_1_99' title='bbox 866 1831 1065 1920; x_wconf 88' lang='grc' dir='ltr'><strong><em>Ζηνόδωρος</em></strong></span> <span class='ocrx_word' id='word_1_100' title='bbox 1101 1837 1148 1897; x_wconf 90' lang='lat'><strong>12.</strong></span> <span class='ocrx_word' id='word_1_101' title='bbox 1172 1830 1306 1918; x_wconf 86' lang='grc' dir='ltr'><strong><em>Πύρρος</em></strong></span> 
     </span>
    </p>

    <p class='ocr_par' dir='ltr' id='par_1_8' title="bbox 181 1929 1400 2022">
     <span class='ocr_line' id='line_1_15' title="bbox 181 1929 1400 2022; baseline -0.002 -20"><span class='ocrx_word' id='word_1_102' title='bbox 181 1943 225 2006; x_wconf 90' lang='grc'>13.</span> <span class='ocrx_word' id='word_1_103' title='bbox 248 1929 466 2020; x_wconf 77' lang='grc' dir='ltr'><strong><em>Ἀρίσταρχος</em></strong></span> <span class='ocrx_word' id='word_1_104' title='bbox 485 1943 534 2002; x_wconf 85' lang='grc'><strong>14.</strong></span> <span class='ocrx_word' id='word_1_105' title='bbox 557 1934 733 2021; x_wconf 80' lang='grc' dir='ltr'><strong><em>Διόδωρος</em></strong></span> <span class='ocrx_word' id='word_1_106' title='bbox 790 1942 838 2002; x_wconf 82' lang='grc'><strong>15.</strong></span> <span class='ocrx_word' id='word_1_107' title='bbox 859 1931 1062 2022; x_wconf 75' lang='grc' dir='ltr'><strong><em>Ἡγησιάναξ</em></strong></span> <span class='ocrx_word' id='word_1_108' title='bbox 1097 1941 1145 2001; x_wconf 88' lang='grc'>16.</span> <span class='ocrx_word' id='word_1_109' title='bbox 1168 1940 1400 2018; x_wconf 85' lang='grc' dir='ltr'><strong><em>Παρμενίσκος</em></strong></span> 
     </span>
    </p>

    <p class='ocr_par' dir='ltr' id='par_1_9' title="bbox 180 2031 1321 2217">
     <span class='ocr_line' id='line_1_16' title="bbox 180 2031 1321 2124; baseline -0.004 -20"><span class='ocrx_word' id='word_1_110' title='bbox 180 2045 222 2106; x_wconf 90' lang='lat'><strong>17.</strong></span> <span class='ocrx_word' id='word_1_111' title='bbox 247 2032 421 2103; x_wconf 74' lang='grc' dir='ltr'><strong><em>Ἀπολλώ·</em></strong></span> <span class='ocrx_word' id='word_1_112' title='bbox 482 2042 530 2104; x_wconf 87' lang='grc'><strong>18.</strong></span> <span class='ocrx_word' id='word_1_113' title='bbox 556 2031 711 2123; x_wconf 82' lang='grc' dir='ltr'><strong><em>Εδδιορος</em></strong></span> <span class='ocrx_word' id='word_1_114' title='bbox 792 2046 840 2106; x_wconf 86' lang='grc'><strong>19.</strong></span> <span class='ocrx_word' id='word_1_115' title='bbox 867 2037 1042 2123; x_wconf 86' lang='grc' dir='ltr'><strong><em>Θεόδωρος</em></strong></span> <span class='ocrx_word' id='word_1_116' title='bbox 1095 2044 1145 2105; x_wconf 87' lang='lat'><strong>20.</strong></span> <span class='ocrx_word' id='word_1_117' title='bbox 1170 2042 1321 2124; x_wconf 73' lang='grc' dir='ltr'><strong><em>Σμίνθης</em></strong></span> 
     </span>
     <span class='ocr_line' id='line_1_17' title="bbox 247 2164 317 2217; baseline 0.014 -12"><span class='ocrx_word' id='word_1_118' title='bbox 247 2164 317 2217; x_wconf 91' lang='grc' dir='ltr'><strong><em>νιος</em></strong></span> 
     </span>
    </p>

    <p class='ocr_par' dir='ltr' id='par_1_10' title="bbox 176 2233 1343 2330">
     <span class='ocr_line' id='line_1_18' title="bbox 176 2233 1343 2330; baseline -0.003 -22"><span class='ocrx_word' id='word_1_119' title='bbox 176 2247 221 2309; x_wconf 90' lang='lat'><strong>21.</strong></span> <span class='ocrx_word' id='word_1_120' title='bbox 245 2247 434 2327; x_wconf 77' lang='grc' dir='ltr'><strong><em>Αντίνσνος</em></strong></span> <span class='ocrx_word' id='word_1_121' title='bbox 477 2245 528 2307; x_wconf 89' lang='lat'><strong>22.</strong></span> <span class='ocrx_word' id='word_1_122' title='bbox 548 2233 679 2324; x_wconf 79' lang='grc' dir='ltr'><strong><em>Ἐρατσ-</em></strong></span> <span class='ocrx_word' id='word_1_123' title='bbox 788 2248 837 2309; x_wconf 84' lang='lat'><strong>23.</strong></span> <span class='ocrx_word' id='word_1_124' title='bbox 864 2243 977 2330; x_wconf 83' lang='grc' dir='ltr'><strong><em>Θάλης</em></strong></span> <span class='ocrx_word' id='word_1_125' title='bbox 1094 2248 1143 2307; x_wconf 82' lang='grc'>24.</span> <span class='ocrx_word' id='word_1_126' title='bbox 1172 2239 1343 2324; x_wconf 73' lang='grc' dir='ltr'><strong><em>Τιμόθεος</em></strong></span> 
     </span>
    </p>

    <p class='ocr_par' dir='ltr' id='par_1_11' title="bbox 176 2347 1376 2533">
     <span class='ocr_line' id='line_1_19' title="bbox 551 2347 676 2430; baseline -0.008 -22"><span class='ocrx_word' id='word_1_127' title='bbox 551 2347 676 2430; x_wconf 73' lang='grc' dir='ltr'><strong><em>σθένης</em></strong></span> 
     </span>
     <span class='ocr_line' id='line_1_20' title="bbox 176 2436 1376 2533; baseline 0.007 -23"><span class='ocrx_word' id='word_1_128' title='bbox 176 2450 222 2514; x_wconf 85' lang='lat'><strong>25.</strong></span> <span class='ocrx_word' id='word_1_129' title='bbox 246 2444 386 2533; x_wconf 76' lang='grc' dir='ltr'><strong><em>Βόηθος</em></strong></span> <span class='ocrx_word' id='word_1_130' title='bbox 477 2450 527 2511; x_wconf 87' lang='lat'><strong>26.</strong></span> <span class='ocrx_word' id='word_1_131' title='bbox 543 2436 735 2529; x_wconf 78' lang='grc' dir='ltr'><strong><em>Ἕρμιππος</em></strong></span> <span class='ocrx_word' id='word_1_132' title='bbox 787 2450 837 2511; x_wconf 86' lang='lat'><strong>27.</strong></span> <span class='ocrx_word' id='word_1_133' title='bbox 853 2440 1038 2530; x_wconf 81' lang='grc' dir='ltr'><strong><em>Ἵντντορχος</em></strong></span> <span class='ocrx_word' id='word_1_134' title='bbox 1094 2457 1168 2530; x_wconf 77' lang='grc' dir='ltr'><strong><em>ὁμοῦ</em></strong></span> <span class='ocrx_word' id='word_1_135' title='bbox 1186 2457 1276 2518; x_wconf 75' lang='grc' dir='ltr'><strong><em>εἴκοσι</em></strong></span> <span class='ocrx_word' id='word_1_136' title='bbox 1296 2458 1376 2516; x_wconf 70' lang='grc' dir='ltr'><strong><em>ἑπτά.</em></strong></span> 
     </span>
    </p>
   </div>
   <div class='ocr_carea' id='block_1_5' title="bbox 169 2565 1401 3980">
    <p class='ocr_par' dir='ltr' id='par_1_12' title="bbox 169 2565 1401 3980">
     <span class='ocr_line' id='line_1_21' title="bbox 255 2565 1399 2649; baseline -0.002 -17"><span class='ocrx_word' id='word_1_137' title='bbox 255 2567 354 2634; x_wconf 83' lang='grc' dir='ltr'><strong><em>Μοδο</em></strong></span> <span class='ocrx_word' id='word_1_138' title='bbox 377 2587 417 2632; x_wconf 93' lang='lat' dir='ltr'>ne</span> <span class='ocrx_word' id='word_1_139' title='bbox 447 2566 648 2632; x_wconf 81' lang='lat' dir='ltr'>dextrorsum</span> <span class='ocrx_word' id='word_1_140' title='bbox 678 2568 784 2649; x_wconf 92' lang='lat' dir='ltr'>legas,</span> <span class='ocrx_word' id='word_1_141' title='bbox 815 2568 908 2632; x_wconf 88' lang='lat' dir='ltr'>sicuti</span> <span class='ocrx_word' id='word_1_142' title='bbox 937 2567 1013 2633; x_wconf 83' lang='lat' dir='ltr'>fecit</span> <span class='ocrx_word' id='word_1_143' title='bbox 1041 2568 1162 2634; x_wconf 85' lang='lat' dir='ltr'>codicis</span> <span class='ocrx_word' id='word_1_144' title='bbox 1191 2567 1312 2648; x_wconf 89' lang='lat' dir='ltr'>scriba,</span> <span class='ocrx_word' id='word_1_145' title='bbox 1342 2565 1399 2631; x_wconf 91' lang='lat' dir='ltr'>sed</span> 
     </span>
     <span class='ocr_line' id='line_1_22' title="bbox 175 2667 1397 2753; baseline 0 -19"><span class='ocrx_word' id='word_1_146' title='bbox 175 2669 331 2752; x_wconf 88' lang='lat' dir='ltr'>deorsum,</span> <span class='ocrx_word' id='word_1_147' title='bbox 356 2671 438 2734; x_wconf 92' lang='lat' dir='ltr'>ultro</span> <span class='ocrx_word' id='word_1_148' title='bbox 453 2669 591 2753; x_wconf 86' lang='lat' dir='ltr'>patescit</span> <span class='ocrx_word' id='word_1_149' title='bbox 606 2667 719 2733; x_wconf 88' lang='lat' dir='ltr'>ordine</span> <span class='ocrx_word' id='word_1_150' title='bbox 735 2670 910 2733; x_wconf 89' lang='lat' dir='ltr'>litterarum</span> <span class='ocrx_word' id='word_1_151' title='bbox 927 2670 988 2735; x_wconf 92' lang='lat' dir='ltr'>nisi</span> <span class='ocrx_word' id='word_1_152' title='bbox 1011 2671 1109 2735; x_wconf 90' lang='lat' dir='ltr'>semel</span> <span class='ocrx_word' id='word_1_153' title='bbox 1127 2671 1157 2734; x_wconf 95' lang='lat' dir='ltr'>in</span> <span class='ocrx_word' id='word_1_154' title='bbox 1175 2671 1193 2733; x_wconf 94' lang='lat'>8</span> <span class='ocrx_word' id='word_1_155' title='bbox 1211 2677 1242 2734; x_wconf 92' lang='lat' dir='ltr'>et</span> <span class='ocrx_word' id='word_1_156' title='bbox 1266 2673 1282 2730; x_wconf 85' lang='lat'><strong>7</strong></span> <span class='ocrx_word' id='word_1_157' title='bbox 1299 2676 1397 2734; x_wconf 92' lang='lat' dir='ltr'>trans·</span> 
     </span>
     <span class='ocr_line' id='line_1_23' title="bbox 173 2769 1399 2854; baseline -0.001 -18"><span class='ocrx_word' id='word_1_158' title='bbox 173 2771 329 2853; x_wconf 92' lang='lat' dir='ltr'>ponendis</span> <span class='ocrx_word' id='word_1_159' title='bbox 350 2793 414 2836; x_wconf 93' lang='lat' dir='ltr'>non</span> <span class='ocrx_word' id='word_1_160' title='bbox 437 2771 557 2836; x_wconf 87' lang='lat' dir='ltr'>violato</span> <span class='ocrx_word' id='word_1_161' title='bbox 579 2769 788 2854; x_wconf 86' lang='lat' dir='ltr'>archetypum</span> <span class='ocrx_word' id='word_1_162' title='bbox 811 2773 1015 2853; x_wconf 88' lang='lat' dir='ltr'>processisse.</span> <span class='ocrx_word' id='word_1_163' title='bbox 1059 2772 1221 2837; x_wconf 84' lang='lat' dir='ltr'>Immerito</span> <span class='ocrx_word' id='word_1_164' title='bbox 1244 2771 1285 2836; x_wconf 94' lang='lat' dir='ltr'>de</span> <span class='ocrx_word' id='word_1_165' title='bbox 1308 2772 1399 2835; x_wconf 91' lang='lat' dir='ltr'>titulo</span> 
     </span>
     <span class='ocr_line' id='line_1_24' title="bbox 174 2870 1399 2955; baseline 0.001 -19"><span class='ocrx_word' id='word_1_166' title='bbox 174 2871 195 2936; x_wconf 87' lang='lat' dir='ltr'><strong>B</strong></span> <span class='ocrx_word' id='word_1_167' title='bbox 219 2871 251 2936; x_wconf 84' lang='lat' dir='ltr'>oi</span> <span class='ocrx_word' id='word_1_168' title='bbox 276 2872 354 2955; x_wconf 77' lang='grc' dir='ltr'><strong><em>περὶ</em></strong></span> <span class='ocrx_word' id='word_1_169' title='bbox 378 2874 437 2936; x_wconf 77' lang='grc' dir='ltr'><strong><em>τοῦ</em></strong></span> <span class='ocrx_word' id='word_1_170' title='bbox 463 2870 571 2936; x_wconf 79' lang='grc' dir='ltr'><strong><em>πόλου</em></strong></span> <span class='ocrx_word' id='word_1_171' title='bbox 595 2870 814 2948; x_wconf 83' lang='grc' dir='ltr'><strong><em>συντάξαντες</em></strong></span> <span class='ocrx_word' id='word_1_172' title='bbox 836 2895 894 2940; x_wconf 93' lang='lat' dir='ltr'>nos</span> <span class='ocrx_word' id='word_1_173' title='bbox 917 2876 993 2939; x_wconf 91' lang='lat' dir='ltr'>olim</span> <span class='ocrx_word' id='word_1_174' title='bbox 1018 2874 1182 2941; x_wconf 88' lang='lat' dir='ltr'>dubitasse</span> <span class='ocrx_word' id='word_1_175' title='bbox 1212 2881 1242 2939; x_wconf 93' lang='lat' dir='ltr'>et</span> <span class='ocrx_word' id='word_1_176' title='bbox 1265 2893 1335 2939; x_wconf 91' lang='lat' dir='ltr'>esse</span> <span class='ocrx_word' id='word_1_177' title='bbox 1359 2892 1399 2938; x_wconf 91' lang='lat' dir='ltr'>ex</span> 
     </span>
     <span class='ocr_line' id='line_1_25' title="bbox 173 2967 1401 3060; baseline 0.002 -25"><span class='ocrx_word' id='word_1_178' title='bbox 173 2975 314 3060; x_wconf 81' lang='grc' dir='ltr'><strong><em>τοιητοό</em></strong></span> <span class='ocrx_word' id='word_1_179' title='bbox 337 2976 369 3039; x_wconf 94' lang='lat' dir='ltr'>in</span> <span class='ocrx_word' id='word_1_180' title='bbox 392 2980 420 3042; x_wconf 82' lang='lat' dir='ltr'>A</span> <span class='ocrx_word' id='word_1_181' title='bbox 443 2995 571 3058; x_wconf 89' lang='lat' dir='ltr'>quoque</span> <span class='ocrx_word' id='word_1_182' title='bbox 594 2967 727 3040; x_wconf 75' lang='grc' dir='ltr'>&lt;τάλαν’</span> <span class='ocrx_word' id='word_1_183' title='bbox 753 2978 984 3042; x_wconf 86' lang='lat' dir='ltr'>restituendum</span> <span class='ocrx_word' id='word_1_184' title='bbox 1009 2977 1274 3042; x_wconf 84' lang='lat' dir='ltr'>Wilamowitzius</span> <span class='ocrx_word' id='word_1_185' title='bbox 1297 2976 1401 3041; x_wconf 81' lang='lat' dir='ltr'>edixit</span> 
     </span>
     <span class='ocr_line' id='line_1_26' title="bbox 172 3070 1399 3163; baseline 0.001 -21"><span class='ocrx_word' id='word_1_186' title='bbox 172 3084 255 3144; x_wconf 89' lang='lat' dir='ltr'>reete</span> <span class='ocrx_word' id='word_1_187' title='bbox 283 3079 316 3142; x_wconf 91' lang='lat' dir='ltr'>in</span> <span class='ocrx_word' id='word_1_188' title='bbox 336 3072 510 3162; x_wconf 87' lang='lat' dir='ltr'>‘Antigono</span> <span class='ocrx_word' id='word_1_189' title='bbox 539 3070 700 3162; x_wconf 81' lang='lat' dir='ltr'>Carystio’</span> <span class='ocrx_word' id='word_1_190' title='bbox 727 3099 757 3163; x_wconf 92' lang='lat' dir='ltr'><strong>p.</strong></span> <span class='ocrx_word' id='word_1_191' title='bbox 776 3083 854 3161; x_wconf 84' lang='lat'>339,</span> <span class='ocrx_word' id='word_1_192' title='bbox 884 3082 943 3145; x_wconf 89' lang='lat' dir='ltr'>etsi</span> <span class='ocrx_word' id='word_1_193' title='bbox 964 3073 1055 3162; x_wconf 72' lang='grc' dir='ltr'>ίπερὶ</span> <span class='ocrx_word' id='word_1_194' title='bbox 1085 3080 1143 3142; x_wconf 74' lang='grc' dir='ltr'><strong><em>τοῦ</em></strong></span> <span class='ocrx_word' id='word_1_195' title='bbox 1174 3070 1294 3143; x_wconf 58' lang='grc' dir='ltr'><strong><em>ιιόλου)</em></strong></span> <span class='ocrx_word' id='word_1_196' title='bbox 1322 3079 1399 3162; x_wconf 93' lang='lat' dir='ltr'>quid</span> 
     </span>
     <span class='ocr_line' id='line_1_27' title="bbox 171 3168 1399 3267; baseline -0.001 -22"><span class='ocrx_word' id='word_1_197' title='bbox 171 3181 231 3246; x_wconf 92' lang='lat' dir='ltr'>sibi</span> <span class='ocrx_word' id='word_1_198' title='bbox 260 3181 361 3244; x_wconf 86' lang='lat' dir='ltr'>vellet</span> <span class='ocrx_word' id='word_1_199' title='bbox 388 3200 430 3246; x_wconf 88' lang='lat' dir='ltr'>ne</span> <span class='ocrx_word' id='word_1_200' title='bbox 466 3182 522 3246; x_wconf 94' lang='lat' dir='ltr'>ille</span> <span class='ocrx_word' id='word_1_201' title='bbox 551 3181 681 3264; x_wconf 90' lang='lat' dir='ltr'>quidem</span> <span class='ocrx_word' id='word_1_202' title='bbox 714 3183 900 3249; x_wconf 82' lang='lat' dir='ltr'>declaravit.</span> <span class='ocrx_word' id='word_1_203' title='bbox 954 3181 1181 3267; x_wconf 89' lang='lat' dir='ltr'>Opperiremur</span> <span class='ocrx_word' id='word_1_204' title='bbox 1211 3168 1305 3264; x_wconf 70' lang='lat' dir='ltr'>‘raiol</span> <span class='ocrx_word' id='word_1_205' title='bbox 1334 3183 1399 3245; x_wconf 81' lang='grc' dir='ltr'><strong><em>τῶν</em></strong></span> 
     </span>
     <span class='ocr_line' id='line_1_28' title="bbox 171 3272 1400 3367; baseline 0.006 -25"><span class='ocrx_word' id='word_1_206' title='bbox 171 3272 312 3357; x_wconf 76' lang='grc' dir='ltr'><strong><em>τάλαν’,</em></strong></span> <span class='ocrx_word' id='word_1_207' title='bbox 343 3283 370 3346; x_wconf 91' lang='lat' dir='ltr'>si</span> <span class='ocrx_word' id='word_1_208' title='bbox 399 3281 441 3346; x_wconf 91' lang='lat' dir='ltr'>de</span> <span class='ocrx_word' id='word_1_209' title='bbox 470 3283 635 3365; x_wconf 93' lang='lat' dir='ltr'>polaribus</span> <span class='ocrx_word' id='word_1_210' title='bbox 663 3283 774 3348; x_wconf 92' lang='lat' dir='ltr'>mundi</span> <span class='ocrx_word' id='word_1_211' title='bbox 804 3284 946 3349; x_wconf 91' lang='lat' dir='ltr'>terminis</span> <span class='ocrx_word' id='word_1_212' title='bbox 975 3286 1080 3366; x_wconf 90' lang='lat' dir='ltr'>agitur</span> <span class='ocrx_word' id='word_1_213' title='bbox 1111 3286 1327 3367; x_wconf 88' lang='lat' dir='ltr'>scriptumque</span> <span class='ocrx_word' id='word_1_214' title='bbox 1355 3285 1400 3349; x_wconf 88' lang='lat' dir='ltr'>ita</span> 
     </span>
     <span class='ocr_line' id='line_1_29' title="bbox 170 3383 1398 3470; baseline 0 -21"><span class='ocrx_word' id='word_1_215' title='bbox 170 3383 355 3464; x_wconf 86' lang='lat' dir='ltr'>ceteroquin</span> <span class='ocrx_word' id='word_1_216' title='bbox 385 3383 656 3467; x_wconf 89' lang='lat' dir='ltr'>deprehendimus</span> <span class='ocrx_word' id='word_1_217' title='bbox 689 3406 749 3451; x_wconf 89' lang='lat' dir='ltr'>nec</span> <span class='ocrx_word' id='word_1_218' title='bbox 779 3386 935 3451; x_wconf 91' lang='lat' dir='ltr'>rationem</span> <span class='ocrx_word' id='word_1_219' title='bbox 966 3387 1159 3451; x_wconf 89' lang='lat' dir='ltr'>extrioamus</span> <span class='ocrx_word' id='word_1_220' title='bbox 1188 3387 1398 3470; x_wconf 91' lang='lat' dir='ltr'>probabilem,</span> 
     </span>
     <span class='ocr_line' id='line_1_30' title="bbox 170 3477 1397 3571; baseline 0.001 -20"><span class='ocrx_word' id='word_1_221' title='bbox 170 3505 222 3551; x_wconf 89' lang='lat' dir='ltr'>eur</span> <span class='ocrx_word' id='word_1_222' title='bbox 244 3485 319 3567; x_wconf 93' lang='lat' dir='ltr'>quis</span> <span class='ocrx_word' id='word_1_223' title='bbox 340 3477 394 3550; x_wconf 86' lang='lat' dir='ltr'>‘de</span> <span class='ocrx_word' id='word_1_224' title='bbox 418 3479 672 3567; x_wconf 80' lang='lat' dir='ltr'>septentrionali&#39;</span> <span class='ocrx_word' id='word_1_225' title='bbox 691 3490 892 3571; x_wconf 84' lang='lat' dir='ltr'>potissimum</span> <span class='ocrx_word' id='word_1_226' title='bbox 913 3481 1001 3570; x_wconf 84' lang='lat' dir='ltr'>‘polo</span> <span class='ocrx_word' id='word_1_227' title='bbox 1018 3490 1071 3570; x_wconf 94' lang='lat' dir='ltr'>qui</span> <span class='ocrx_word' id='word_1_228' title='bbox 1095 3490 1269 3554; x_wconf 88' lang='lat' dir='ltr'>memoriae</span> <span class='ocrx_word' id='word_1_229' title='bbox 1292 3488 1397 3570; x_wconf 90' lang='lat' dir='ltr'>prodi·</span> 
     </span>
     <span class='ocr_line' id='line_1_31' title="bbox 169 3579 1399 3674; baseline 0.003 -22"><span class='ocrx_word' id='word_1_230' title='bbox 169 3579 288 3654; x_wconf 82' lang='lat' dir='ltr'>derint&#39;</span> <span class='ocrx_word' id='word_1_231' title='bbox 319 3589 470 3653; x_wconf 85' lang='lat' dir='ltr'>examine</span> <span class='ocrx_word' id='word_1_232' title='bbox 500 3591 643 3655; x_wconf 85' lang='lat' dir='ltr'>instituto</span> <span class='ocrx_word' id='word_1_233' title='bbox 673 3593 810 3674; x_wconf 86' lang='lat' dir='ltr'>seligere</span> <span class='ocrx_word' id='word_1_234' title='bbox 839 3591 986 3655; x_wconf 85' lang='lat' dir='ltr'>voluerit.</span> <span class='ocrx_word' id='word_1_235' title='bbox 1037 3592 1096 3657; x_wconf 89' lang='lat' dir='ltr'>His</span> <span class='ocrx_word' id='word_1_236' title='bbox 1126 3593 1231 3658; x_wconf 87' lang='lat' dir='ltr'>missis</span> <span class='ocrx_word' id='word_1_237' title='bbox 1260 3592 1399 3656; x_wconf 87' lang='lat' dir='ltr'>vidimus</span> 
     </span>
     <span class='ocr_line' id='line_1_32' title="bbox 171 3685 1399 3774; baseline 0.005 -20"><span class='ocrx_word' id='word_1_238' title='bbox 171 3685 276 3754; x_wconf 83' lang='grc' dir='ltr'><strong><em>τόλον</em></strong></span> <span class='ocrx_word' id='word_1_239' title='bbox 299 3709 369 3756; x_wconf 92' lang='lat' dir='ltr'>esse</span> <span class='ocrx_word' id='word_1_240' title='bbox 398 3710 494 3774; x_wconf 94' lang='lat' dir='ltr'>posse</span> <span class='ocrx_word' id='word_1_241' title='bbox 525 3691 740 3774; x_wconf 84' lang='lat' dir='ltr'>horologium:</span> <span class='ocrx_word' id='word_1_242' title='bbox 771 3713 880 3759; x_wconf 90' lang='lat' dir='ltr'>verum</span> <span class='ocrx_word' id='word_1_243' title='bbox 910 3693 952 3758; x_wconf 93' lang='lat' dir='ltr'>de</span> <span class='ocrx_word' id='word_1_244' title='bbox 983 3693 1148 3774; x_wconf 86' lang='lat' dir='ltr'>horologio</span> <span class='ocrx_word' id='word_1_245' title='bbox 1180 3714 1289 3759; x_wconf 92' lang='lat' dir='ltr'>omnes</span> <span class='ocrx_word' id='word_1_246' title='bbox 1322 3695 1399 3760; x_wconf 85' lang='lat' dir='ltr'>istos</span> 
     </span>
     <span class='ocr_line' id='line_1_33' title="bbox 171 3793 1399 3880; baseline 0.002 -22"><span class='ocrx_word' id='word_1_247' title='bbox 171 3793 358 3876; x_wconf 84' lang='lat' dir='ltr'>exposuisse</span> <span class='ocrx_word' id='word_1_248' title='bbox 389 3794 461 3875; x_wconf 92' lang='lat' dir='ltr'>quis</span> <span class='ocrx_word' id='word_1_249' title='bbox 484 3813 504 3857; x_wconf 90' lang='lat' dir='ltr'>a</span> <span class='ocrx_word' id='word_1_250' title='bbox 528 3814 562 3858; x_wconf 91' lang='lat' dir='ltr'>se</span> <span class='ocrx_word' id='word_1_251' title='bbox 592 3796 777 3880; x_wconf 85' lang='lat' dir='ltr'>impetrabit</span> <span class='ocrx_word' id='word_1_252' title='bbox 800 3802 832 3860; x_wconf 94' lang='lat' dir='ltr'>ut</span> <span class='ocrx_word' id='word_1_253' title='bbox 855 3794 988 3860; x_wconf 81' lang='lat' dir='ltr'>eredat?</span> <span class='ocrx_word' id='word_1_254' title='bbox 1021 3795 1096 3860; x_wconf 83' lang='lat' dir='ltr'>Alia</span> <span class='ocrx_word' id='word_1_255' title='bbox 1119 3804 1151 3859; x_wconf 90' lang='lat' dir='ltr'>et</span> <span class='ocrx_word' id='word_1_256' title='bbox 1180 3797 1295 3861; x_wconf 88' lang='lat' dir='ltr'>rectior</span> <span class='ocrx_word' id='word_1_257' title='bbox 1318 3797 1399 3861; x_wconf 89' lang='lat' dir='ltr'>ratio</span> 
     </span>
     <span class='ocr_line' id='line_1_34' title="bbox 172 3891 1398 3980; baseline 0.003 -22"><span class='ocrx_word' id='word_1_258' title='bbox 172 3895 245 3960; x_wconf 88' lang='lat' dir='ltr'>artis</span> <span class='ocrx_word' id='word_1_259' title='bbox 268 3893 566 3960; x_wconf 89' lang='lat' dir='ltr'>Pseudoeudoxeae</span> <span class='ocrx_word' id='word_1_260' title='bbox 594 3898 793 3980; x_wconf 85' lang='lat' dir='ltr'>praefatione</span> <span class='ocrx_word' id='word_1_261' title='bbox 820 3896 1000 3962; x_wconf 89' lang='lat' dir='ltr'>acrosticba</span> <span class='ocrx_word' id='word_1_262' title='bbox 1023 3904 1214 3962; x_wconf 88' lang='lat' dir='ltr'>monstratur</span> <span class='ocrx_word' id='word_1_263' title='bbox 1243 3891 1398 3973; x_wconf 76' lang='lat' dir='ltr'>t‘Notices</span> 
     </span>
    </p>
   </div>
   <div class='ocr_carea' id='block_1_6' title="bbox 174 3992 1390 4182">
    <p class='ocr_par' dir='ltr' id='par_1_13' title="bbox 174 3992 1390 4182">
     <span class='ocr_line' id='line_1_35' title="bbox 174 3992 1390 4080; baseline 0.004 -21"><span class='ocrx_word' id='word_1_264' title='bbox 174 4004 202 4059; x_wconf 87' lang='lat' dir='ltr'>et</span> <span class='ocrx_word' id='word_1_265' title='bbox 223 3999 354 4062; x_wconf 87' lang='lat' dir='ltr'>extraits</span> <span class='ocrx_word' id='word_1_266' title='bbox 382 3996 439 4061; x_wconf 91' lang='lat' dir='ltr'>des</span> <span class='ocrx_word' id='word_1_267' title='bbox 471 3997 658 4063; x_wconf 90' lang='lat' dir='ltr'>manuscrits</span> <span class='ocrx_word' id='word_1_268' title='bbox 688 3996 729 4061; x_wconf 93' lang='lat' dir='ltr'>de</span> <span class='ocrx_word' id='word_1_269' title='bbox 753 3997 784 4063; x_wconf 91' lang='lat' dir='ltr'>la</span> <span class='ocrx_word' id='word_1_270' title='bbox 808 3998 1027 4080; x_wconf 80' lang='lat' dir='ltr'>bibliotheque</span> <span class='ocrx_word' id='word_1_271' title='bbox 1051 3992 1231 4080; x_wconf 80' lang='lat' dir='ltr'>imperiale&#39;</span> <span class='ocrx_word' id='word_1_272' title='bbox 1259 4000 1390 4064; x_wconf 86' lang='lat' dir='ltr'>Parisiis</span> 
     </span>
     <span class='ocr_line' id='line_1_36' title="bbox 178 4099 691 4182; baseline 0.008 -23"><span class='ocrx_word' id='word_1_273' title='bbox 178 4115 203 4160; x_wconf 85' lang='lat' dir='ltr'>a</span> <span class='ocrx_word' id='word_1_274' title='bbox 226 4099 304 4160; x_wconf 85' lang='grc'><strong>1865</strong></span> <span class='ocrx_word' id='word_1_275' title='bbox 326 4100 389 4162; x_wconf 84' lang='lat' dir='ltr'>vol.</span> <span class='ocrx_word' id='word_1_276' title='bbox 414 4099 559 4163; x_wconf 87' lang='lat' dir='ltr'><strong>XV1112</strong></span> <span class='ocrx_word' id='word_1_277' title='bbox 581 4118 612 4182; x_wconf 92' lang='lat' dir='ltr'>p.</span> <span class='ocrx_word' id='word_1_278' title='bbox 625 4103 691 4178; x_wconf 87' lang='grc'>46);</span> 
     </span>
    </p>
   </div>
   <div class='ocr_carea' id='block_1_7' title="bbox 187 4264 1397 4423">
    <p class='ocr_par' dir='ltr' id='par_1_14' title="bbox 187 4264 1397 4423">
     <span class='ocr_line' id='line_1_37' title="bbox 262 4264 1397 4334; baseline 0.001 -13"><span class='ocrx_word' id='word_1_279' title='bbox 262 4265 281 4321; x_wconf 63' lang='grc' dir='ltr'>Ἃ1</span> <span class='ocrx_word' id='word_1_280' title='bbox 299 4264 337 4318; x_wconf 87' lang='lat' dir='ltr'>De</span> <span class='ocrx_word' id='word_1_281' title='bbox 355 4265 459 4319; x_wconf 80' lang='lat' dir='ltr'>codicis</span> <span class='ocrx_word' id='word_1_282' title='bbox 478 4266 622 4334; x_wconf 86' lang='lat' dir='ltr'>seripturis</span> <span class='ocrx_word' id='word_1_283' title='bbox 641 4282 674 4320; x_wconf 88' lang='lat' dir='ltr'>ac</span> <span class='ocrx_word' id='word_1_284' title='bbox 693 4268 725 4319; x_wconf 92' lang='lat' dir='ltr'>de</span> <span class='ocrx_word' id='word_1_285' title='bbox 738 4269 932 4322; x_wconf 85' lang='lat' dir='ltr'>mutationibus</span> <span class='ocrx_word' id='word_1_286' title='bbox 952 4267 1057 4322; x_wconf 89' lang='lat' dir='ltr'>anobis</span> <span class='ocrx_word' id='word_1_287' title='bbox 1070 4266 1150 4319; x_wconf 84' lang='lat' dir='ltr'>factis</span> <span class='ocrx_word' id='word_1_288' title='bbox 1163 4264 1397 4322; x_wconf 71' lang='lat' dir='ltr'>diximus‘Herm&#39;.</span> 
     </span>
     <span class='ocr_line' id='line_1_38' title="bbox 187 4342 1337 4423; baseline 0.01 -27"><span class='ocrx_word' id='word_1_289' title='bbox 187 4342 204 4397; x_wconf 93' lang='lat' dir='ltr'>l.</span> <span class='ocrx_word' id='word_1_290' title='bbox 221 4359 240 4398; x_wconf 86' lang='grc' dir='ltr'>ο.</span> <span class='ocrx_word' id='word_1_291' title='bbox 258 4345 325 4413; x_wconf 75' lang='lat' dir='ltr'>Quae</span> <span class='ocrx_word' id='word_1_292' title='bbox 343 4351 472 4418; x_wconf 86' lang='lat' dir='ltr'>quoniam</span> <span class='ocrx_word' id='word_1_293' title='bbox 490 4350 624 4421; x_wconf 86' lang='lat' dir='ltr'>hodieque</span> <span class='ocrx_word' id='word_1_294' title='bbox 643 4353 800 4407; x_wconf 86' lang='lat' dir='ltr'>retinendae</span> <span class='ocrx_word' id='word_1_295' title='bbox 820 4355 950 4418; x_wconf 87' lang='lat' dir='ltr'>videntur,</span> <span class='ocrx_word' id='word_1_296' title='bbox 968 4354 1033 4407; x_wconf 92' lang='lat' dir='ltr'>nihil</span> <span class='ocrx_word' id='word_1_297' title='bbox 1052 4353 1143 4406; x_wconf 84' lang='lat' dir='ltr'>iterari</span> <span class='ocrx_word' id='word_1_298' title='bbox 1161 4355 1337 4423; x_wconf 86' lang='lat' dir='ltr'>praeplacuit.</span> 
     </span>
    </p>
   </div>
   <div class='ocr_carea' id='block_1_8' title="bbox 0 0 1592 5160">
    <p class='ocr_par' dir='ltr' id='par_1_15' title="bbox 0 0 1592 5160">
     <span class='ocr_line' id='line_1_39' title="bbox 0 0 1592 5160; baseline 0 2"><span class='ocrx_word' id='word_1_299' title='bbox 0 0 1592 5160; x_wconf 95' lang='lat' dir='ltr'> </span> 
     </span>
    </p>
   </div>
  </div>
 </body>
</html>
