3174 5160
517 345 551 400 X.
570 345 621 399 DE
638 345 838 401 APOLLONII
857 345 1012 402 GANOBO.
1323 346 1385 405 363

152 520 253 604 ipsius
282 519 458 585 vindictam
488 520 561 602 quis
590 526 639 584 est
667 519 744 602 quin
774 520 965 602 exspectet?
999 519 1112 585 Solent
1139 519 1185 584 dii
1208 520 1384 586 bestiarum

107 619 110 623 ’
152 623 185 687 in
207 627 360 688 nocentes
381 623 428 685 nti
451 623 521 687 sive
542 641 651 686 morsu
674 623 743 686 sive
767 623 842 700 ictu,
865 622 956 686 velut
976 623 1082 687 Diana
1104 627 1215 686 contra
1230 622 1384 689 Orionem

152 724 274 790 excitat
295 724 466 806 scorpium.
510 724 596 804 Ergo
619 743 756 805 anguem
774 723 906 789 Canobo
929 731 986 788 aut
1007 724 1147 788 numinis
1169 724 1306 790 alicuius
1329 733 1385 789 aut

152 827 254 910 ipsius
282 823 459 890 Theonoae
491 826 655 890 voluntate
685 835 718 890 et
745 827 834 891 iussu
868 825 1046 892 immissum
1080 825 1282 892 efficiendum
1314 847 1385 893 esse

151 928 249 994 facile
270 928 364 992 nobis
386 929 614 1010 persuasimus.

238 1030 357 1094 Verum
380 1029 619 1112 subponens,
643 1030 779 1112 inquies,
800 1020 1026 1112 ‘grammatici'
1053 1029 1132 1110 περὶ
1155 1028 1263 1095 πόλου
1286 1033 1385 1116 scrip·

152 1134 273 1199 tionem
306 1131 385 1215 qnid
413 1131 579 1213 Apollonii
615 1130 765 1197 Canobus
804 1133 951 1214 quamvis
992 1150 1033 1196 ex
1066 1138 1159 1212 parte
1197 1135 1386 1201 restitutus?

152 1235 303 1302 Canobus
326 1234 422 1300 etiam
451 1234 566 1298 stellae
587 1234 718 1297 nomen!
753 1233 803 1299 De
833 1253 897 1316 qua
926 1232 1004 1314 qnid
1034 1233 1170 1297 fabulati
1193 1236 1272 1318 sint,
1296 1236 1385 1304 Posi-

153 1338 269 1404 donius
291 1335 388 1410 (bunc
410 1336 495 1400 enim
518 1343 681 1400 auctorem
703 1337 884 1411 statuimus)
905 1334 1104 1402 subindicat:

184 1489 342 1558 Grunnius
363 1509 394 1570 ρ.
414 1489 504 1555 131).
575 1506 693 1554 serron.
715 1488 824 1554 Manu.
851 1489 957 1554 Amr.
999 1489 1172 1555 Eusnnrrr.
1190 1491 1232 1555 ad
1251 1491 1386 1576 Dionys.

704 1611 735 1653 v.
752 1596 824 1656 351.
1055 1611 1085 1654 v.
1104 1596 1138 1654 11
1165 1612 1197 1675 p.
1215 1595 1276 1659 219
1290 1595 1331 1658 M.

154 1707 226 1778 δδὲ
243 1708 277 1776 ἓν
293 1705 382 1796 ἄκρῳ
398 1713 447 1795 τῴ
463 1715 537 1795 Ho—
577 1702 632 1773 ἐπ’
679 1704 779 1791 όκρσυ
824 1709 860 1773 δὲ
902 1712 960 1774 τοῦ
1002 1704 1036 1772 ἐκ
1065 1707 1101 1773 δὲ
1134 1713 1193 1775 τοῦ
1222 1712 1387 1794 Κανώβου

154 1814 262 1900 δολίῳ
307 1815 365 1901 τῆς
399 1806 538 1896 Ἀργοῦς
577 1812 753 1896 Πιρδαλίου
776 1825 883 1877 κεῖται
901 1817 961 1894 μέ·
1002 1807 1128 1876 ἐκείνου
1151 1813 1211 1875 τοῦ
1230 1814 1387 1896 κυβερνή-

153 1921 304 2000 κείμενσς
383 1912 539 1997 λαμπρός
576 1936 637 1996 νας
667 1906 772 2000 δοτὴρ
803 1911 962 1978 ἐπώνο-
1001 1936 1061 1976 τοο
1093 1915 1150 1978 καὶ
1183 1907 1287 2000 ἀστὴρ
1322 1914 1388 1981 ἐκεῖ

156 2012 261 2104 ἀστὴρ
277 2017 439 2101 Κάνωβος
462 2010 538 2082 όνσ-
576 2038 652 2096 μσς
673 2019 744 2079 τοῦ
761 2015 962 2097 Κανώβου
1003 2038 1069 2078 που
1092 2014 1294 2101 φαινόμενος
1316 2017 1389 2080 Κό·

154 2120 304 2203 μάζεται.
358 2113 455 2196 οὗτος
476 2119 538 2201 μὲν
576 2120 648 2182 τσῦ
706 2116 962 2204 κυβερνήτου
1004 2120 1111 2197 νωβσς
1137 2115 1386 2198 ἐπωνόμασται,

157 2221 191 2288 ἐν
217 2219 316 2308 Ῥόδῳ
343 2220 538 2308 δυσθεώρρ-
579 2220 806 2284 Μενελάου.
831 2212 963 2306 σόμνη-
1005 2210 1137 2303 ἀφανὴς
1166 2218 1227 2300 μὲν
1255 2233 1327 2298 τοῖς
1354 2219 1388 2286 ἑν
1480 2271 1485 2278 ,

156 2323 215 2402 τός
243 2323 348 2403 ἐστιν,
371 2314 392 2409 ἢ
415 2347 539 2387 παντε-
579 2321 711 2403 μσνεόει
734 2321 770 2387 δὲ
784 2325 845 2387 τσῦ
866 2315 963 2387 ἇστέ-
1002 2315 1387 2406 τῴἙλλαδικῴκλίματι,

157 2427 223 2503 λιῦς
245 2419 308 2514 ἀφ’
327 2421 467 2515 ὑψηλῶν
483 2424 539 2489 τό·
580 2446 638 2505 ρσς
660 2418 677 2488 ό
703 2418 858 2508 Ἄρατος·
887 2417 964 2489 οὐδὲ
1004 2414 1073 2487 ἀπὸ
1099 2421 1135 2486 δὲ
1155 2420 1266 2489 Ῥόδου
1289 2418 1389 2506 όιρχό-

156 2554 231 2594 πων
247 2523 383 2612 δρᾶται·
401 2521 540 2592 ἐνΆλε-
580 2523 643 2610 γὰρ
666 2524 750 2590 κατὰ
779 2524 858 2602 τοὺς
884 2530 963 2610 περὶ
1003 2547 1102 2604 μενος
1125 2531 1324 2609 φαίνεσθαι,
1352 2526 1391 2604 ὃς

157 2631 313 2719 ξανδρείᾳ
371 2630 408 2695 δέ
468 2627 540 2694 ἐστι
578 2624 639 2710 τὴν
658 2622 796 2692 Ἑλλάδα
826 2628 962 2709 τόπους,
1004 2623 1039 2691 ἓν
1081 2629 1129 2712 τῴ
1172 2642 1390 2712 μεσουρανεῑν

157 2736 331 2810 παντελῶς
372 2730 538 2818 ἐμφανής
580 2723 656 2794 οὐδὲ
679 2728 756 2806 τοὺς
779 2731 829 2796 ἔτι
851 2737 962 2813 βσρει-
1003 2733 1117 2810 τρίτον
1153 2732 1307 2813 (corrigas
1336 2735 1390 2794 τέ-

157 2834 274 2919 σχεδδν
296 2833 358 2921 γὰρ
381 2839 540 2914 τέταρτον
580 2836 714 2913 στέροσς
759 2832 869 2914 ἐπέχει
906 2833 964 2899 τό·
1002 2854 1140 2911 ταρτσν,
1183 2832 1223 2897 cf.
1261 2833 1391 2899 Gemini

156 2943 256 3023 μέρος
310 2940 369 3002 τοό
420 2936 539 3022 ζῳδίου
580 2959 681 3013 ποος,
738 2928 812 2998 ἀλλ’
872 2933 962 3000 ἐστὶν
1004 2935 1149 3014 eclogam
1183 2942 1216 2998 ct
1253 2934 1327 2998 adn,
1360 2939 1390 3007 7)

158 3034 227 3106 ἇπδ
270 3042 329 3104 τσῦ
373 3034 541 3121 ὁρίζοντος
581 3030 726 3121 ἀφανής,
781 3032 848 3100 ὑπὸ
903 3038 963 3119 γῆν
1004 3034 1134 3116 λέγεται
1150 3031 1269 3118 ζῳδίου
1288 3039 1390 3119 με’ρος

158 3146 423 3226 μετεωρισμένσς
458 3144 541 3225 ool·
582 3136 775 3224 φερόμενος.
804 3143 964 3221 (μαίνεται
1005 3132 1144 3213 ἐπέχειν.

159 3268 261 3309 νεται.
581 3239 764 3321 δὲπρῶτσν
777 3233 964 3304 δπδῬόδσι·

580 3353 652 3417 τοῖς
692 3333 749 3404 ἐπ’
785 3341 965 3425 Αἴγυπτον

582 3445 724 3509 πλέουσι
739 3445 794 3508 καὶ
810 3455 882 3519 τοῖς
903 3437 965 3528 ἤδη·

581 3552 796 3628 καταίρουσιν
819 3543 868 3609 ἐ’τι
879 3546 965 3627 μᾶλ-

583 3649 641 3712 λον
678 3644 771 3734 [τοῖς]
812 3645 868 3712 διὰ
908 3650 967 3711 τοῦ

584 3751 708 3815 Νείλου
730 3747 817 3832 πρὸς
834 3748 968 3814 Αἰθίο-

583 3876 651 3928 πας
675 3846 835 3918 ἀνιοῦσιν.

162 3993 284 4071 Quibus
312 3995 413 4079 ipsius
443 3989 609 4057 Posidonii
638 3991 813 4056 subicimus
843 3991 988 4072 eclogam
1014 3987 1119 4053 Strab.
1143 3984 1173 4050 11
1197 4005 1228 4068 p.
1248 3987 1317 4066 119,
1338 3987 1392 4047 14:

161 4095 390 4172 Ποσειδώνιος
420 4086 451 4158 δ’
486 4089 521 4156 ἔκ
553 4114 645 4166 τινος
672 4086 804 4177 ὑψηλῆς
835 4088 942 4166 οἰκίας
971 4087 1005 4153 ἐν
1034 4085 1135 4152 πόλει
1169 4086 1393 4159 (Rhodiorum)

163 4197 313 4285 διεχσόσῃ
337 4201 403 4263 τῶν
425 4193 542 4261 τόπων
570 4192 697 4258 τούτων
727 4184 808 4257 ὅσον
836 4196 1071 4272 τετρακοσίους
1101 4187 1259 4263 σταδίους
1288 4189 1393 4273 φησὶν

163 4297 247 4365 ἰδεῖν
271 4293 404 4382 όιστέρα,
428 4296 467 4363 δν
490 4300 733 4381 τεκμαίρεσθαι
755 4292 814 4359 τὸν
830 4292 993 4375 Κάνωβον
1017 4287 1117 4356 αὐτόν
1141 4287 1175 4355 ἐκ
1196 4292 1256 4355 τσῦ
1278 4313 1314 4353 τε
1336 4314 1394 4370 μι-
