3174 5160
281 357 304 412 Ι.
324 358 374 411 DE
392 358 554 411 ACHILLE
573 358 818 414 GRAMMATICO
838 359 951 413 ARATI
969 359 1218 414 INTERPRETE.
1323 358 1363 416 39

298 531 424 597 Senon.
448 532 561 598 Peme.

127 653 252 706 τοντες.
291 626 309 696 ὁ
334 630 370 696 δὲ
385 626 525 718 Ἄρατος
548 637 603 698 νῦν
627 627 723 699 άστέ-

128 756 191 814 ρας
212 727 358 819 <άστρα>
380 733 517 821 εἴρηκεν.

171 839 209 900 θ.
239 829 321 920 ὄφρ’
356 833 499 920 ἐμπεδα]
534 831 553 920 ἦ
589 835 723 901 διάνοιά

129 933 201 1003 ἐστι
231 935 388 1024 τοιαύτη·
418 933 435 1002 δ
464 936 506 1001 τά
530 937 643 1002 πάντα
665 937 723 1024 δη-

93 1040 298 1122 ιμιουρχῶν
330 1038 414 1117 θεάς
448 1043 609 1127 παρορμᾷ
645 1037 723 1116 τοδς

128 1133 247 1220 άχλους
262 1134 335 1205 κατ’
362 1136 542 1228 ἀντίληψιν
556 1144 622 1206 των
637 1139 721 1206 κατὰ

127 1240 186 1309 τδν
209 1247 285 1324 βίον
308 1240 524 1331 ἐπιτηδείων,
548 1249 719 1330 σημαίνων

127 1342 207 1423 τοὺς
220 1343 362 1421 οἰκείους
371 1340 510 1434 χρόνους
522 1345 557 1412 ἐκ
567 1348 634 1410 τῶν
650 1343 719 1432 ἐτη·

129 1449 213 1512 σίων
229 1441 325 1529 ώρων
342 1446 439 1530 ἐαρος
458 1447 581 1535 θέρους
598 1452 718 1535 φθινο-

81 1562 107 1611 10
128 1547 247 1635 πώρου
267 1553 439 1629 χειμῶνος.

172 1677 194 1716 ι.
228 1650 373 1737 προτέρη
396 1650 501 1739 χενεη]
525 1655 601 1719 vide
623 1675 721 1738 supra

128 1774 159 1838 p.
173 1757 215 1817 34
238 1754 412 1838 adscripta.

170 1880 199 1919 κ.
223 1853 300 1930 τοδς
321 1852 385 1941 γὰρ
412 1853 518 1939 λόγων
542 1853 720 1937 ἐπιμελου-

127 1962 248 2039 μένους
263 1950 381 2043 πρᾴως
396 1959 553 2021 ποιοῦσιν
570 1958 604 2022 αἱ
623 1962 720 2024 Μοῦ-

82 2071 108 2120 15
129 2081 187 2125 σαι
211 2058 439 2143 διαλέγεσθαι.
463 2060 504 2136 (λ)

171 2154 209 2225 οδ
232 2159 321 2226 πάνυ
343 2159 422 2225 αὐτὸ
447 2163 496 2244 τῴ
517 2160 618 2247 μέθην
643 2185 719 2229 συν-

126 2261 244 2348 τρέχει.

170 2392 200 2428 α.
223 2361 283 2447 την
301 2362 437 2444 μείζονα
451 2359 588 2449 Ἄρκτον
601 2360 718 2429 Ἡσίο-

126 2465 184 2542 δος
207 2465 316 2551 εἰρηκε
337 2464 516 2542 Λυκάονος
545 2462 632 2533 εἶναι
654 2471 718 2530 θυ-

77 2580 103 2629 z]
123 2567 264 2653 ματέρα·
295 2565 329 2630 ἐν
351 2561 511 2655 Ἀρκαδίᾳ
540 2567 576 2633 δὲ
604 2593 718 2635 κατοι-

124 2672 248 2736 κοῦσαν
265 2666 407 2735 ἑλέσθαι
424 2668 509 2751 μετὰ
524 2665 718 2754 Ἀρτέμιδος

123 2769 185 2859 τὴν
208 2770 319 2858 θήραν
342 2769 375 2835 ἐν
398 2785 470 2847 τοῖς
492 2766 595 2858 ὄρεσι.

162 3725 176 3774 2
201 3722 324 3790 supplevi
346 3739 379 3776 ex
402 3721 542 3775 Marciano
574 3725 582 3788 Η
613 3727 704 3778 6κατ

126 3805 233 3873 scripsi,
251 3806 287 3860 of.
301 3806 483 3860 Marcianum:
502 3810 551 3862 :coi
569 3807 590 3858 P
614 3808 623 3874 ΙΙ
652 3811 666 3860 8
685 3827 717 3863 τε

126 3897 191 3945 aute
209 3893 268 3944 ταῖν
285 3890 339 3944 add
351 3891 385 3945 P:
406 3892 482 3944 omisi
499 3896 529 3945 ut
541 3890 697 3947 Marcianus
709 3895 718 3962 Η

128 3979 208 4030 13-15
218 3978 336 4031 conieci:
347 3972 414 4042 τοὺς
422 3970 478 4046 γάρ
489 3975 584 4045 λόγων
594 3976 716 4044 εἰλουμέ-

126 4079 195 4125 νους
207 4058 318 4138 πρᾴους
331 4067 482 4125 ποιοῦντες
494 4057 576 4129 φύσει
590 4065 716 4132 διαλεγο-

126 4144 231 4213 μένους
247 4146 268 4198 Ρ
283 4152 292 4210 {1
313 4150 343 4200 16
365 4142 444 4221 αὐτῷ
460 4145 496 4198 P:
516 4162 577 4199 corr
595 4146 650 4198 Wil
662 4147 671 4214 ΙΙ
686 4151 717 4200 22

126 4231 246 4297 abrupta
263 4231 353 4284 media
365 4232 486 4285 oratione
503 4231 558 4284 exit
578 4232 718 4284 historiola

126 4313 271 4368 Hesiodea.

962 533 1174 601 Μκκοιικυε.

818 833 959 920 ἐμπεδα]
977 828 1063 920 (Set)
1079 831 1095 900 δ
1113 835 1154 901 τὰ
1171 835 1282 901 πάντα
1306 834 1364 921 δη-

774 940 939 1022 μιουργῶν
972 938 1064 1014 θεός.
1112 934 1131 1024 ἡ
1164 938 1199 1003 δέ
1230 936 1363 1003 διάνοια

773 1037 910 1126 τοιαύτη
928 1036 1033 1104 ἐστίν·
1058 1044 1217 1127 παρορμᾷ
1240 1035 1256 1105 δ
1281 1037 1365 1115 θεὸς
1385 1055 1400 1101 5

773 1137 852 1216 τοὺς
866 1134 982 1222 ὄχλους
999 1142 1087 1227 πρὸς
1103 1136 1282 1229 ἀντίληψιν
1296 1144 1363 1206 των

774 1239 822 1316 εἰς
843 1239 901 1306 τδν
915 1247 990 1325 βίον
1008 1241 1216 1329 ἐπιτηδείων,
1241 1248 1363 1330 σημαί-

771 1368 836 1407 νων
852 1342 929 1420 τοδς
941 1343 1083 1421 οἰκείους
1093 1344 1231 1433 χρόνους
1248 1345 1282 1410 ἐκ
1296 1348 1362 1410 τῶν

772 1444 912 1531 ἐτησίων
962 1442 1057 1533 ὥρων
1101 1447 1198 1531 ἐαρος
1239 1446 1362 1532 θέρους

773 1542 998 1634 φθινοπώρου
1019 1553 1190 1630 χειμῶνος.
1385 1562 1413 1610 10

814 1857 976 1935 μειλίχιαι
997 1855 1088 1937 μάλα
1106 1853 1228 1940 πᾶσαι]
1252 1856 1362 1937 μειλί-

769 1982 841 2037 χιαι
865 1957 898 2020 αἰ
917 1960 1067 2036 Μοῦσαι,
1091 1949 1144 2023 δτι
1166 1956 1252 2042 πρὸς
1274 1955 1361 2021 πάν-

770 2082 831 2134 τας
853 2061 908 2122 καὶ
931 2056 1080 2124 καθόλου
1104 2053 1259 2140 εὐμενεῖς.
1384 2070 1411 2118 15

810 2358 967 2440 Ἡσίοδος
1001 2363 1037 2428 δέ
1070 2385 1154 2450 φησι
1184 2361 1360 2439 Λυκάονος

769 2464 939 2549 θυγατέρα
956 2461 1042 2533 εἰναι
1064 2468 1120 2532 καὶ
1143 2463 1176 2530 ἐν
1200 2459 1361 2551 Ἀρκαδίᾳ

770 2570 988 2633 κατοικοῦσαν
1001 2565 1141 2634 ἑλέσθαι
1151 2565 1237 2650 μετὰ
1248 2560 1360 2652 Ἀρτέ-
1382 2579 1411 2628 2ο

769 2668 867 2749 μιδος
878 2666 937 2753 την
950 2673 1029 2752 περὶ
1040 2668 1100 2744 τὰς
1107 2668 1218 2757 θήρας
1230 2662 1359 2755 άχωγδν

770 2767 898 2846 ἐντοῖς
920 2765 1013 2855 ὄρεσι
1037 2776 1233 2850 ποιεῖσθαι,
1264 2775 1359 2858 φθα-

770 2884 884 2956 ρεῖσαν
900 2872 936 2937 δὲ
958 2867 1025 2938 ὑπὸ
1042 2872 1128 2948 Διὸς
1151 2870 1303 2955 ἐμμεῖναι
1326 2870 1359 2938 ἐν

768 2987 843 3051 ταῖς
879 2973 1045 3060 πρότερον
1078 2972 1285 3040 κλέπτουσαν
1319 2977 1359 3059 τῇ

768 3068 938 3161 Ἀρτέμιδι
970 3073 1008 3139 τδ
1045 3073 1243 3157 σύμπτωμα.
1295 3069 1356 3162 ἤδη
1380 3088 1408 3136 25

770 3175 806 3241 δὲ
829 3176 984 3241 ἐπίτοκον
1002 3161 1103 3241 οὖσαν
1126 3172 1279 3263 ὀφθῆναι
1294 3169 1354 3240 ἐπ’

770 3272 870 3364 αὐτῆς
900 3276 1094 3364 λουομένην·
1127 3271 1183 3363 ἐφ’
1210 3271 1238 3363 ᾦ
1268 3271 1359 3364 δρχι-

769 3383 912 3445 σθεῖσαν
935 3377 994 3465 τὴν
1016 3375 1170 3467 Ἄρτεμιν
1188 3383 1359 3466 θηριωσαι

770 3475 880 3566 αὐτην.
924 3485 980 3548 καὶ
1004 3474 1089 3548 σέτω
1113 3495 1216 3548 τεκεῖν
1239 3477 1358 3565 άρκτον

769 3568 872 3679 οὖσαν
909 3583 967 3651 τὸν
1003 3585 1170 3672 κληθέντα
1203 3578 1357 3668 Ἀρκάδα.
1380 3595 1409 3644 30

710 3717 717 3737 ›
769 3681 872 3751 οὖσαν
888 3686 924 3751 δὲ
940 3685 973 3751 ἐν
988 3690 1034 3770 τη]
1058 3681 1129 3769 δρει
1145 3687 1358 3772 θηρευθῆναι

768 3783 834 3851 ὑπὸ
854 3786 1006 3854 αἰπόλων
1021 3791 1120 3852 τινων
1135 3791 1191 3853 καὶ
1203 3786 1356 3872 παραδο-

767 3893 874 3974 θηναι
901 3888 1053 3954 Λυκάονι
1081 3886 1165 3970 μετὰ
1194 3891 1254 3952 τοῦ
1279 3887 1356 3973 βρέ-

769 4017 863 4077 φους.
898 3989 981 4073 μετὰ
991 3989 1108 4076 χρόνον
1122 3988 1157 4053 δέ
1168 4015 1243 4053 τινα
1260 3987 1357 4064 δόξαι

803 4149 836 4197 24
854 4144 993 4215 λέγουσαν
1011 4140 1179 4194 Marcianus:
1199 4155 1260 4193 corr
1272 4140 1355 4193 Wilo·

769 4228 916 4282 mowitzius
951 4227 978 4278 in
1007 4226 1120 4279 Roberti
1155 4225 1356 4279 catasterismis

771 4311 1083 4369 Pseudoeratostheniois
1101 4327 1128 4377 p.
1142 4314 1183 4362 50.
