3174 5160
169 366 231 426 310
710 368 861 422 ARATEA

168 543 250 608 scire
279 542 349 626 ipse
379 541 466 624 quod
495 542 573 606 satis
604 549 689 607 esset
717 542 865 606 debebat.
911 540 1056 619 Quocum
1083 542 1257 608 concordat
1278 544 1403 608 Aristo·

169 644 267 726 theri,
291 644 418 727 probati
441 643 631 724 astronomi,
655 643 874 724 magisterium
898 644 961 708 Vit
977 644 1021 708 IV
1044 665 1075 728 p.
1092 647 1143 728 60,
1161 647 1216 710 22:
1251 642 1336 709 ἔνιοι
1366 643 1403 708 δέ

169 767 256 831 φασι
285 743 344 808 τὸν
372 737 514 827 Ἄρατον
537 746 700 807 Μνασέου
728 740 859 826 πατρὸς
887 749 1072 827 γεγονέναι,
1100 738 1342 829 Άριστοθήρον
1366 745 1404 809 δέ

169 871 259 922 τινος
281 848 520 931 μαθηματικοῦ
544 845 731 911 διακοῦσαι.
767 847 816 911 Ac
838 853 949 912 notum
973 855 1022 914 est
1040 855 1151 913 contra
1165 847 1403 914 Aristotherum

169 951 211 1016 ds
233 949 372 1032 planetis
394 949 512 1013 librum
535 947 678 1014 edidisse
700 948 894 1033 Autolycum
927 949 1160 1024 (Wachsmuth.
1181 943 1275 1015 ‘Mus
1300 941 1400 1015 rhen?

171 1054 253 1115 1865
275 1070 306 1133 p.
324 1053 385 1113 455
398 1052 498 1134 sq.).²)
534 1051 584 1117 De
603 1050 796 1116 Aristotheri
819 1058 851 1114 et
873 1049 1046 1132 disciplina
1066 1052 1159 1116 Arati
1182 1058 1214 1116 et
1236 1052 1405 1120 domicilio

171 1155 290 1218 utinam
315 1154 490 1218 constaret!
536 1150 630 1228 Quod
653 1171 725 1216 curn
747 1171 840 1226 secus
862 1152 919 1233 sit,
947 1152 1169 1218 ratiocinando
1198 1154 1324 1236 expleri
1346 1154 1404 1220 dc-

168 1256 286 1320 fectum
309 1253 444 1340 posthac
465 1273 598 1320 necesse
620 1254 690 1318 erit

255 1357 372 1422 Paucis
395 1356 570 1421 interiectis
593 1356 682 1420 idem
703 1355 810 1438 pergit
832 1355 1028 1438 biographus
1051 1357 1280 1422 scientissimus
1303 1358 1324 1422 l.
1344 1361 1404 1423 26:

170 1455 357 1543 σονήκμασε
391 1456 427 1520 δὲ
458 1454 653 1540 Νικάνδρῳ,
687 1457 916 1541 μαθηματικῷ
949 1457 1004 1520 καὶ
1039 1448 1144 1540 udoni,
1180 1459 1403 1544 Κολοφωνίῳ,

169 1558 396 1643 θεραπεύοντι
419 1551 489 1641 ἅμα
513 1552 624 1622 αὐτόν.
669 1556 828 1635 Quoniam
848 1550 1137 1624 ‘mathematicum’
1165 1561 1220 1625 ille
1242 1561 1322 1627 dicit
1343 1562 1404 1626 Ni·

170 1662 337 1746 cundram,
361 1681 401 1726 ne
424 1680 482 1745 per
504 1680 645 1726 errorem
668 1661 799 1743 quidem
821 1668 918 1744 poeta
941 1663 1061 1726 saeculi
1085 1663 1217 1728 alterius
1240 1662 1405 1746 Colopho-

169 1766 241 1831 nius
274 1765 420 1846 intellegi
452 1769 573 1846 potest,
614 1762 772 1845 quidquid
804 1770 915 1828 contra
948 1764 1078 1828 molitur
1112 1762 1149 1829 0.
1185 1763 1406 1832 Schneiderus

166 1857 376 1932 ‘Nicandrea'
402 1886 433 1949 p.
450 1868 479 1930 8.
526 1866 698 1930 Praeterea
725 1865 836 1948 paullo
863 1871 938 1930 ante
967 1884 1041 1930 eum
1069 1867 1192 1948 locum,
1222 1886 1317 1949 quern
1343 1869 1404 1932 ad-

169 1968 372 2050 scripsimus,
403 1967 483 2033 haec
509 1969 672 2049 leguntur:
702 1962 923 2031 ..ὥστεκαὶ
955 1964 1184 2049 θρυλούμενόν
1214 1965 1304 2034 ἐστιν
1332 1963 1404 2032 ὑπό

169 2095 285 2149 τινων,
316 2064 361 2145 ὡς
387 2054 427 2154 ἦν
455 2066 539 2133 κατά
569 2066 628 2132 τὸν
656 2060 755 2132 αὐτὸν
775 2067 895 2152 χρόνον
918 2067 1096 2153 Νικάνδρῳ
1119 2072 1167 2152 τῳ
1190 2070 1404 2157 Κολοφωνίῳ

169 2175 217 2256 τῳ
234 2170 276 2237 τὰ
297 2170 447 2256 Θηριακά
470 2170 651 2255 γράψαντι.
689 2171 842 2253 λέγονταί
862 2193 899 2234 τε
922 2183 1097 2253 προτεῖναι
1120 2164 1277 2258 ἀλλήλοις
1298 2169 1316 2238 ὃ
1340 2172 1405 2255 μὲν

169 2267 299 2357 Ἀράτῳ
323 2277 522 2358 σκέψασθαι
543 2269 585 2336 τά
605 2265 842 2353 (Φαινάμεναᾎ
866 2269 938 2337 ὃδὲ
953 2271 1130 2358 Νικάνδρῳ
1152 2268 1403 2360 τάίθηριοικάῖ

170 2378 268 2440 τοῦτο
298 2374 333 2440 δὲ
362 2377 565 2460 καταφανῶς
595 2373 666 2439 ἐστι
694 2374 837 2458 ψεῦδος·
870 2369 887 2438 ὁ
918 2372 981 2459 γάρ
1010 2374 1198 2458 Νίκανδρος
1227 2374 1273 2458 ιβ’
1305 2371 1405 2454 ὅλαις

165 2470 371 2558 Ὀλυμπιάσι
396 2476 554 2560 νεώτερος
580 2482 749 2563 φαίνεται.
794 2478 879 2559 Ergo
909 2479 1045 2560 cogitari
1060 2479 1127 2543 'vel
1156 2478 1217 2544 hac
1240 2480 1280 2544 de
1304 2500 1405 2546 causa

172 2581 283 2662 nequit
298 2580 495 2645 Nicandrum
511 2580 773 2646 mathematicum
796 2588 829 2644 et
851 2599 934 2662 eum,
958 2580 1012 2663 qui
1028 2580 1189 2645 Theriaca
1211 2583 1404 2666 composuit,

171 2701 242 2747 esse
270 2702 365 2765 posse
395 2681 531 2747 eandem
560 2702 742 2765 personam.
787 2680 911 2758 Quodsi
934 2683 1071 2748 occurrit
1092 2683 1213 2747 alicubi
1235 2684 1300 2748 tale
1323 2684 1405 2766 quid

169 2783 300 2864 dictum,
323 2803 482 2867 personae
504 2786 586 2850 t'also
611 2786 694 2848 inter
716 2804 752 2849 se
774 2791 987 2849 commutatae
1010 2790 1091 2866 sunt,
1114 2786 1304 2866 praesertim
1328 2805 1404 2850 cum

170 2892 303 2968 uterque
327 2886 546 2969 Colophonius
574 2887 670 2951 fuerit
698 2887 837 2950 natione.
882 2886 951 2949 Iam
974 2887 1064 2968 legas
1088 2885 1403 2969 Vit.11p.56‚12:

170 2983 271 3062 ἐνίοις
294 2986 329 3051 δὲ
353 2981 485 3071 άρέσκει
507 2982 647 3074 Ἄρατον
675 2982 790 3066 ἰατρὸν
820 2990 989 3068 γεγονέναι
1017 2989 1058 3072 τῇ
1089 2983 1272 3074 ἐπιστήμῃ,
1301 2989 1404 3074 φίλον

168 3111 205 3151 τε
237 3079 328 3161 (iilos
360 3114 397 3154 τε
430 3087 578 3152 codices:
611 3109 697 3151 corr.
729 3086 767 3150 0.
797 3085 1044 3168 Schneiderns)
1076 3087 1233 3172 γεγονότα
1266 3089 1405 3179 γνήσιον

169 3188 346 3275 Νικάνδρῳ
375 3195 424 3276 τῳ
451 3193 678 3279 μαθηματικῷ
707 3187 838 3275 γράψαι
867 3186 908 3253 τὰ
935 3189 1086 3277 Θηριακὰ
1115 3193 1171 3256 καὶ
1195 3190 1312 3257 δοῦναι
1335 3198 1403 3258 Νι·

167 3290 298 3376 κάνδρῳ
322 3293 435 3375 λαβεῖν
457 3319 494 3358 τε
524 3287 606 3380 παρ’
634 3286 735 3358 αὐτοῦ
756 3288 798 3355 τά
824 3290 1017 3373 Φαινόμενα
1039 3294 1095 3357 καὶ
1118 3291 1405 3381 ἰδιογραφῇσαιθ)

169 3395 315 3477 Adparet
329 3396 563 3462 Nicandrorum
580 3397 818 3479 homonymiam
841 3402 948 3460 cetera
970 3403 1078 3461 errata
1099 3416 1296 3479 procreasse.
1331 3398 1404 3464 Iam

260 3648 281 3712 ²)
300 3647 444 3701 Suscmihl.
463 3648 476 3700 I
494 3665 521 3716 p.
536 3652 593 3701 703.
613 3678 644 3685 —
664 3646 714 3699 Vel
740 3661 794 3698 una
817 3647 980 3701 Aristotheri
1004 3648 1140 3702 mentione
1163 3651 1272 3715 praeter
1297 3653 1404 3704 ceteros

174 3730 339 3799 biographus
357 3732 464 3785 excellit
481 3736 608 3799 quartus,
633 3737 664 3784 ut
681 3731 824 3784 aestimare
842 3731 945 3799 possis,
970 3733 1095 3800 quantilli
1113 3733 1145 3786 (l.
1160 3731 1274 3786 Buschii
1291 3732 1325 3785 de
1343 3733 1403 3787 bio-

173 3816 277 3884 grapho
296 3818 342 3869 illo
357 3823 508 3870 commenta
519 3816 644 3870 facienda
662 3816 718 3868 sint
731 3810 785 3868 ‘Dc
796 3815 1010 3871 bibliothecariis
1022 3809 1219 3870 alexandrinis'
1237 3834 1263 3884 p.
1279 3821 1319 3871 11.
1351 3817 1405 3872 Cui

173 3901 243 3954 male
260 3901 442 3968 adstipulatus
460 3905 503 3954 est
520 3901 662 3955 Susemihl.
682 3901 694 3953 l
712 3917 739 3968 p.
753 3902 823 3953 286⁷.
854 3900 955 3953 Verum
973 3901 1031 3955 fere
1049 3901 1153 3954 dixerat
1171 3902 1271 3955 dudum
1284 3902 1402 3956 Wachs·

168 3986 288 4038 muthius
306 3986 324 4039 l.
344 4001 367 4038 c.

255 4070 275 4135 ³)
295 4069 378 4123 Recte
397 4072 461 4123 ante
480 4086 529 4123 nos
547 4069 662 4123 Buhlius
675 4069 702 4121 II
715 4087 739 4137 p.
755 4073 817 4122 453:
837 4076 966 4138 aequalis
982 4073 1067 4122 Arato
1086 4109 1114 4121 ..
1134 4073 1281 4122 Nicander
1298 4077 1404 4124 mothe-

169 4158 285 4204 maticus
302 4155 492 4220 Colophonius,
512 4159 639 4205 diversus
657 4175 673 4206 o
686 4156 833 4205 Nicandro
847 4164 929 4220 poeto
948 4160 1040 4206 itidem
1056 4156 1227 4220 Colophonio,
1247 4161 1300 4222 qui
1315 4161 1405 4208 Arato

169 4247 233 4288 erat
249 4244 392 4289 recentior.
428 4240 552 4294 Ceterum
572 4239 729 4307 scripsimus
748 4240 958 4312 ἰδιογροιφῆσοιι,
976 4237 1032 4296 ἴδια
1051 4243 1156 4307 πρᾶξαι
1174 4241 1215 4293 vel
1233 4237 1403 4298 ἰδιάσασθαι

169 4323 233 4376 coni
253 4324 485 4388 Westsrmannus‚
504 4318 543 4390 ὡς
561 4320 616 4381 ἴδια
635 4320 748 4397 γράψαι
759 4325 899 4378 Iriartius:
918 4321 973 4381 ἴδια
991 4316 1104 4397 γράψαι
1124 4325 1209 4379 codex
1221 4325 1403 4382 Matritensis.
