3174 5160
227 341 288 400 346
765 342 917 396 ARATEA

227 514 441 598 consequitur.
473 515 533 580 Vel
556 513 632 580 hino
654 517 799 596 quaestio
823 516 863 581 de
877 509 1139 584 ‘Phaenomenis'
1166 517 1364 601 chronologo
1385 539 1459 602 pro·

223 617 335 701 fligata
357 623 415 682 est.

355 821 502 905 «Κρήτας
525 811 578 883 dai
602 825 781 902 ψευσταίε·
805 821 871 884 καί
895 817 969 904 γὰρ
993 818 1144 905 τάφον,
1168 805 1194 884 οδ
1219 815 1313 900 άνα,
1338 834 1426 886 σεῖο

358 923 516 1005 Κρῆτες
539 918 828 1008 ἒτεκτήναντο·
853 919 899 986 σὺ
923 915 953 985 δ’
981 915 1186 1001 οδθάνες,
1210 921 1284 988 ἐσσί
1299 921 1363 1007 γάρ
1379 922 1458 989 αἰεί.

225 1024 370 1091 Effioitur
386 1024 590 1107 copulatione
607 1025 739 1106 causali,
763 1025 987 1108 Epimenidem
1003 1027 1117 1109 ipsum,
1138 1031 1248 1108 utpote
1264 1027 1355 1091 euius
1370 1026 1458 1092 fraus

226 1136 257 1193 et
279 1125 412 1192 fallacia
433 1126 701 1209 reprehendatur,
736 1128 777 1193 de
798 1127 886 1192 Iovis
910 1135 941 1192 et
963 1136 1065 1193 morte
1088 1134 1121 1192 et
1142 1129 1290 1210 sepulcro
1313 1130 1458 1195 loentum

225 1249 296 1296 esse
319 1230 350 1293 in
370 1221 620 1312 ‘Theogonia’⁹)
647 1236 680 1295 et
707 1229 843 1311 proinde
870 1228 1042 1293 humanam
1066 1228 1299 1312 quadamtenus
1323 1230 1456 1296 deorum

224 1351 348 1397 summo
371 1330 538 1396 addixisse
560 1338 716 1396 naturam.

743 1501 946 1510 —....-—-.-

309 1638 416 1703 Altius
429 1637 628 1704 Cretensium
642 1636 682 1702 de
691 1637 769 1702 Iove
781 1638 924 1703 fabulam
936 1637 1155 1720 repetentibus
1166 1639 1306 1703 narratio
1320 1639 1460 1703 occurrit

225 1741 388 1824 Anonymi
403 1739 609 1804 Ambrosiani
631 1739 664 1801 in
681 1738 906 1804 Studemundii
920 1733 1099 1804 ‘Analeotis
1122 1730 1237 1804 variis'
1262 1740 1278 1804 I
1294 1759 1325 1823 p.
1338 1743 1458 1823 224sq.

225 1844 374 1926 impressi
397 1843 556 1924 genuinae
579 1842 779 1922 antiquitatis
803 1841 898 1907 laude
922 1849 954 1906 et
975 1843 1105 1908 raritate
1130 1844 1309 1909 excellens:

356 1943 517 2019 δάκτυλος
539 1942 575 2007 δὲ
599 1940 723 2030 ἐκλήθη
747 1936 816 2008 άπὸ
840 1945 907 2007 τιῦν
929 1943 1125 2023 Δακτύλων,
1149 1940 1206 2020 οὓς
1229 1943 1457 2030 ἐπιλαβομένη

351 2047 409 2133 τής
431 2048 489 2130 γής
513 2038 628 2132 ἀνῆκεν
651 2040 763 2132 ήῬέα.
808 2040 828 2130 ή
853 2045 889 2109 δὲ
912 2045 1045 2132 ἱστορία
1067 2049 1184 2112 τοῦτον
1207 2045 1274 2127 ἔχει
1296 2043 1355 2111 τόν
1377 2045 1456 2131 τρύ-

353 2171 429 2212 πον.
460 2147 705 2230 μαντευόμενος
720 2143 737 2214 ὁ
750 2147 880 2228 Κρόνος
892 2149 970 2231 περὶ
982 2151 1047 2213 τῶν
1059 2143 1248 2231 μελλόντων
1265 2141 1356 2232 αὐτῷ
1373 2169 1457 2229 συμ-

350 2253 451 2334 βήναι
472 2246 592 2335 ήκουσε
614 2249 708 2333 παρά
732 2253 791 2315 τοῦ
813 2249 980 2331 μάντεως,
1003 2242 1056 2316 ότι
1080 2250 1128 2328 εἷς
1150 2253 1214 2316 τῶν
1238 2249 1371 2316 παίδων
1395 2243 1456 2315 αύ-

351 2355 411 2417 τοῦ
444 2354 557 2435 μέλλει
586 2356 644 2437 τής
676 2355 852 2434 βασιλείας
887 2345 987 2418 αὐτὸν
1017 2351 1181 2436 ἐκβαλεῖν·
1213 2345 1458 2436 εὐλαβούμενος

353 2439 411 2519 σύν
440 2451 482 2518 τά
511 2455 687 2536 τικτόμενα
717 2459 825 2541 βρέφη
855 2459 1040 2521 κατέπινεν.
1086 2457 1276 2542 λυπουμένη
1307 2454 1342 2519 δὲ
1369 2452 1458 2538 πρὸς

351 2559 449 2620 τοῦτο
472 2551 492 2643 ή
515 2559 574 2621 τοῦ
599 2555 729 2639 Κρόνου
751 2555 846 2640 γυνή,
878 2549 934 2621 ότε
956 2557 1073 2640 ἔλαβεν
1097 2555 1130 2622 ἐν
1152 2561 1270 2641 γαστρὶ
1293 2555 1352 2622 τόν
1374 2563 1456 2636 Δία,

352 2656 470 2744 ἔφυγεν
494 2658 541 2735 εἰς
570 2656 629 2744 τήν
646 2652 734 2744 Ἴδην
764 2653 854 2741 (όρσς
878 2659 913 2723 δὲ
941 2662 1041 2725 τοῦτο
1070 2662 1128 2747 τής
1150 2658 1294 2748 Κρήτης)
1323 2651 1457 2724 κάκεῑσε

352 2758 497 2843 διέτριβε
519 2760 579 2845 τήν
608 2752 698 2844 ὥραν
720 2764 780 2826 τοῦ
809 2764 944 2826 τοκετοῦ
967 2767 1203 2847 περιμένουσα.
1249 2757 1296 2838 ὥς
1320 2754 1352 2825 δ’
1379 2754 1456 2848 ήκεν

350 2857 369 2946 ή
395 2868 596 2948 προθεσμία
623 2865 678 2928 καὶ
704 2863 738 2928 αἱ
768 2866 835 2928 τῶν
867 2857 996 2928 ὠδίνων
1026 2862 1197 2929 ἐπέκειντο
1225 2863 1386 2947 βάσανοι,
1409 2861 1455 2951 μή

352 2969 501 3048 φέρουσα
530 2963 591 3042 τὰς
623 2959 807 3051 ἀλγηδόνας
841 2963 1036 3049 έπεστήριξε
1064 2964 1148 3029 κατά
1180 2969 1240 3031 τοῦ
1269 2961 1368 3050 όρους
1394 2965 1457 3042 τὰς

348 3077 477 3149 χεῖρας
506 3066 543 3133 τὸ
569 3068 605 3132 δὲ
628 3061 707 3148 δρος
730 3061 833 3144 εὐθύς
856 3067 1061 3148 ἰσαρίθμους
1083 3071 1149 3133 τιῦν
1173 3067 1342 3135 δακτύλων
1366 3067 1456 3153 ἐγέν-

351 3192 429 3256 νησε
453 3169 628 3253 δαίμονας,
654 3168 776 3245 οἵτινες
798 3169 1017 3253 περιστάντες
1042 3167 1143 3255 αὐτήν
1167 3168 1388 3251 ἐμαιώσαντσ.
1434 3167 1454 3259 ή

350 3271 386 3335 δὲ
407 3271 593 3359 γεννήσασα
623 3273 723 3336 λίθον
752 3272 812 3354 μὲν
842 3265 916 3337 ἀντὶ
939 3274 998 3335 τοῦ
1028 3269 1153 3347 παιδδς
1180 3271 1456 3356 σπαργανώσασα

348 3376 396 3458 aqi
419 3367 538 3459 Κρόνῳ
562 3373 783 3461 προσήνεγκεν
806 3371 837 3451 (ὂ
862 3373 897 3438 δὲ
924 3377 979 3439 καὶ
1002 3377 1120 3439 τοῦτον
1142 3379 1324 3452 κατέπιεν),
1346 3377 1395 3459 τῷ
1419 3375 1455 3440 δὲ

350 3479 469 3561 βρέφει
487 3475 606 3541 δίδωσι
617 3473 745 3561 τροφόν
760 3471 837 3560 αλγα
852 3476 1056 3561 καλουμένην
1070 3471 1289 3559 Ἀμάλθειαν,
1305 3479 1360 3541 καί
1377 3476 1456 3554 τοὺς

352 3575 544 3662 εἰρημένους
567 3577 603 3642 δὲ
633 3582 833 3664 περιέστησε
856 3576 1033 3658 δαίμονας·
1059 3571 1151 3643 οὗτοι
1175 3564 1232 3643 οὖν
1254 3578 1396 3644 έσκεπόν
1419 3603 1456 3644 τε

350 3675 385 3743 τό
410 3683 536 3766 βρέφος
558 3681 614 3744 καὶ
637 3682 716 3762 περὶ
740 3672 819 3744 αὐτὸ
842 3679 1034 3763 χορεύοντες
1058 3680 1200 3745 ἔτυπτον
1223 3678 1283 3758 τὰς
1306 3674 1456 3758 άσπίδας

307 3886 326 3945 9,
345 3886 411 3950 Auf
426 3888 548 3933 dasselbe
567 3885 686 3932 Gedicht
702 3882 879 3949 (Epimenidis
894 3877 1114 3950 ‘Theogoniam't
1133 3889 1237 3935 mdclrte
1255 3887 1299 3934 ich
1318 3888 1392 3934 auch
1411 3888 1456 3934 die

222 3972 247 4018 T
249 3974 369 4019 radition
389 3987 446 4018 vom
460 3971 618 4033 Zeusgrabe
637 3971 753 4026 bezielm,
773 3971 846 4017 διον
864 3972 942 4018 niclzt
958 3974 1011 4019 τοοί
1027 3974 1126 4019 kd'nnte
1138 3971 1330 4020 Kallz'mackos
1347 3973 1386 4019 sie
1401 3973 1454 4019 den

221 4056 344 4103 Kretern
367 4057 554 4114 zusclzreiben‚
579 4071 656 4102 τυιπκ
680 4062 737 4102 erst
759 4055 926 4103 Euhemerus
943 4058 982 4103 sie
1008 4056 1148 4120 erfunden
1175 4058 1262 4114 hatte,
1290 4058 1339 4104 wie
1357 4057 1456 4104 Rolrde

219 4143 304 4187 meint
320 4141 440 4204 (Psyche
455 4140 585 4202 p.122);
609 4142 738 4201 dagegen
756 4140 792 4186 ist
810 4141 859 4187 der
879 4141 947 4188 Witz
966 4143 1023 4189 υἱεῖ
1039 4144 1142 4198 besser,
1166 4157 1243 4189 menn
1262 4141 1454 4189 Kallimackos

221 4227 274 4272 den
294 4226 404 4287 Spruclz
424 4227 471 4274 des
483 4226 660 4287 Epimenides
680 4239 731 4270 von
750 4225 800 4271 der
819 4226 971 4272 kretz'sclzen
992 4222 1015 4274 V
1015 4227 1189 4288 erlogenheit
1196 4242 1291 4289 μέντοι
1304 4227 1353 4274 ian
1371 4229 1456 4274 selbst

220 4312 325 4357 mandet
344 4307 559 4360 Wilamowitzius
578 4307 595 4360 l.
616 4323 639 4358 c.
