3174 5160
457 340 489 394 V.
509 340 559 393 DE
578 339 693 393 ARATI
711 339 872 395 SCRIPTIS
891 340 1122 396 DEPERDITIS.
1338 342 1398 399 221

170 515 235 579 lius
257 532 289 596 p.
306 513 369 576 458
396 513 569 578 falsissime
600 513 781 580 arbitratur.
826 514 1054 596 Hegesianacti
1082 515 1222 580 tribuere
1242 507 1401 579 ‘Phaeno-

170 604 352 681 menornm’
370 622 494 698 partem
517 617 568 681 cni
584 636 663 682 sano
678 617 788 682 venire
805 617 837 680 in
852 624 991 681 mentem
1007 617 1175 699 potnitl¹²)
1198 615 1404 700 Quapropter

172 718 268 782 titulo
285 718 341 781 illo
356 717 553 800 peculiarem
568 718 684 782 librum
702 718 967 801 comprehensum
982 719 1083 785 fnisse
1096 719 1328 785 consectarium
1345 724 1402 782 est.

260 904 398 968 Tantum
422 904 463 969 de
478 904 678 986 fragmentis.
714 905 766 969 Ad
782 906 920 972 Achillis
943 907 984 971 de
1001 906 1168 988 prooemio
1183 906 1303 970 Arateo
1319 923 1404 969 com·

172 1006 400 1072 mentariolum
428 1006 559 1071 tandem
587 1008 765 1091 aliquando
793 1009 983 1073 revertimur
1005 1028 1036 1090 p.
1056 1012 1093 1071 17
1118 1028 1159 1073 ex
1183 1008 1294 1072 codice
1317 1007 1403 1071 Vati·

173 1128 256 1173 cano
287 1107 418 1172 editum.
469 1108 575 1174 Altius
605 1109 686 1175 haec
721 1110 809 1175 docti
838 1110 1021 1192 interpretis
1050 1117 1202 1193 excerpta
1230 1108 1406 1192 repetenda

173 1229 247 1276 csse
270 1211 419 1292 quamvis
441 1216 566 1276 constet
587 1211 733 1292 abunde,
757 1212 872 1276 muniri
895 1219 1002 1277 tamen
1024 1212 1105 1276 illud
1129 1213 1259 1295 insuper
1282 1210 1405 1276 scholio

173 1312 341 1377 Marciano
363 1313 406 1377 ad
429 1333 459 1376 v.
477 1315 538 1378 733
562 1303 619 1393 οὐχ
642 1310 747 1399 ὁράᾳς
755 1342 766 1394 ,·
788 1306 882 1401 ὀλίγη
905 1311 978 1400 μέν]
1001 1307 1020 1400 ἡ
1047 1312 1190 1377 δοκοῦσα
1214 1307 1300 1377 εἶναι
1322 1310 1408 1394 πρός

173 1438 250 1477 τινα
273 1414 334 1477 τοῦ
357 1410 455 1496 λόγου
472 1405 642 1491 άπότασις
659 1412 844 1499 ἐπλαγίασε
860 1413 947 1498 πρός
961 1412 999 1481 τὸ
1025 1408 1101 1496 <<οόχ
1117 1410 1241 1500 ὁράᾳς»
1257 1412 1408 1479 ἐνθεῖναι

174 1511 212 1578 τὸ
239 1513 288 1591 εἰς
309 1507 499 1602 Ἇγκλείόην
529 1520 710 1600 προοίμιον
741 1511 1002 1602 ἀναφερόμενον.
1049 1510 1124 1581 ἀλλ’
1156 1509 1330 1603 ἠγνόησαν,
1355 1514 1408 1581 ότι

174 1615 354 1704 ποιητικόν
377 1615 468 1683 ἐστιν
491 1616 587 1697 ἔθος,
620 1613 665 1694 ὡς
687 1620 742 1683 καὶ
758 1610 904 1707 Ὅμηρος
926 1613 1002 1685 κτλ.)
1029 1620 1314 1686 subindicavimus.
1360 1620 1408 1684 Ita

175 1721 233 1804 qui
254 1722 378 1803 primus
401 1720 442 1785 de
464 1723 629 1803 prooemio
652 1724 743 1787 Arati
767 1725 926 1807 exposuit,
950 1725 977 1789 is
1001 1724 1167 1805 complura
1189 1730 1304 1806 poetae
1327 1723 1407 1786 anti·

174 1822 304 1905 grapho
319 1824 563 1889 examinaverat
585 1843 642 1890 sen
666 1825 754 1890 nullo
770 1844 827 1891 seu
846 1824 984 1890 diversis
1001 1824 1143 1890 exordiis
1159 1826 1321 1890 instructa.
1360 1823 1410 1887 Ex

176 1943 241 1988 nno
257 1931 427 2006 praeterea
439 1926 632 1993 versiculum
649 1927 691 1991 ds
706 1947 822 2009 magno
838 1947 922 1992 anno
938 1927 1110 2009 adscripsit
1124 1928 1289 2008 interpres.
1320 1925 1411 1990 Haec

176 2022 276 2104 igitur
300 2022 389 2090 illinc
411 2026 524 2091 relicta
545 2034 633 2094 sunt:
901 2087 902 2090 ,

234 2124 259 2188 I.
284 2116 374 2210 άμφί
395 2149 455 2208 μοι
476 2119 603 2214 ἠελίοιο
626 2126 849 2211 περικλειτοῖό
873 2152 910 2192 τε
931 2126 1043 2215 μήνηςΙ

281 2223 402 2292 ἕσπετε
424 2253 493 2309 μοι,
519 2232 668 2296 Μοῦσαι.

237 2330 278 2394 Π.
306 2335 335 2404 1)
356 2322 538 2418 Άγκλείόη,
563 2331 679 2409 ξείνων
704 2331 793 2414 ἱερὸν
815 2330 934 2412 θάλος,
958 2330 988 2396 εἰ
1013 2325 1045 2395 d'
1073 2326 1131 2417 άγε
1154 2331 1212 2396 σόν
1234 2356 1293 2414 μοι

357 2425 513 2520 οὐρανίην
536 2433 703 2517 ψαύσειας
727 2433 786 2501 ἕπε
808 2436 972 2519 actuosi).

303 2537 334 2611 2)
358 2531 487 2615 ἕπταχα
510 2533 570 2600 οὐν
594 2535 771 2602 δεκάὸεσσι
794 2538 1051 2622 περιπλομένων
1076 2536 1244 2601 ἐνιαυτῶν.

237 2635 295 2700 111.
324 2628 495 2719 Ἀντίγονε,
522 2635 637 2713 ξείνων
661 2636 751 2722 ἱερὸν
774 2636 936 2720 dolorm).

267 2738 318 2804 Ab
334 2739 437 2805 altero
453 2741 652 2823 incipiamus.
690 2742 833 2824 Negavit
848 2743 1015 2808 verissime
1038 2764 1069 2826 p.
1089 2747 1126 2806 17
1143 2744 1310 2824 interpres,
1335 2739 1415 2804 illud

179 2839 225 2905 ad
247 2841 418 2906 Anclidem
441 2844 641 2924 prooemium
655 2835 914 2909 ‘Phaenomenis'
941 2846 1089 2927 primitus
1111 2844 1288 2927 praefixum
1305 2843 1415 2923 fuisse,

271 3025 301 3090 ¹²)
320 3024 389 3093 Frey
414 3021 507 3087 (Mus.
528 3019 613 3078 rhen'
634 3029 699 3080 1858
724 3044 749 3093 p.
765 3031 903 3093 l32sqqt:
929 3030 968 3077 Es
992 3031 1072 3098 (Περὶ
1096 3022 1246 3095 ἀνατολῆς
1271 3031 1307 3078 ist
1328 3030 1417 3076 nsahts

180 3112 306 3162 Anderes
324 3115 368 3161 als
386 3115 430 3162 die
453 3116 598 3162 besondere
618 3114 814 3180 Ueberschrz‘ft
831 3117 878 3162 des
902 3117 1004 3162 dritten
1025 3115 1135 3163 Theiles
1160 3117 1210 3162 der
1228 3115 1417 3161 Phaenomena

183 3213 237 3246 von
269 3197 336 3246 Vers
354 3208 402 3262 553
422 3214 460 3246 an
480 3234 507 3246 ..
528 3200 600 3246 denn
624 3199 684 3263 auf
705 3201 758 3247 den
776 3200 875 3247 Zusatz
899 3202 948 3247 der
979 3198 1041 3248 Vita
1062 3188 1079 3252 ό
1098 3200 1168 3267 φασί
1192 3215 1266 3259 τινες
1283 3191 1320 3265 μὴ
1346 3190 1417 3250 εἶναι

184 3274 311 3353 Ἀράτου,
328 3273 394 3336 ἄλλ’
408 3275 630 3352 Ἡγησιάνακτος
648 3284 748 3348 ddrfte
765 3286 818 3332 wol
833 3285 913 3332 nicht
929 3286 985 3332 viel
1002 3284 1034 3346 (l)
1052 3301 1083 3333 su
1099 3288 1189 3348 geben
1206 3287 1273 3334 sein.
1310 3281 1342 3334 In
1360 3285 1419 3335 tola

183 3364 266 3435 Freyi
278 3366 505 3419 commentatione
517 3368 620 3418 Aratea
632 3367 676 3419 vix
693 3365 765 3434 quod
776 3368 892 3434 probum
906 3368 942 3420 sit
952 3367 1131 3434 indagaveris.
1161 3367 1200 3421 cf.
1215 3383 1299 3436 supra
1317 3384 1343 3436 p.
1360 3371 1417 3422 155.

184 3450 261 3517 Quod
283 3443 369 3504 schol.
393 3450 488 3519 Eurip.
505 3443 631 3505 ‘Phoen'
654 3468 678 3503 v.
696 3455 760 3504 1116
783 3451 854 3505 inter
877 3448 1014 3522 ἐπιτολήν
1037 3455 1064 3504 et
1093 3445 1238 3522 άνατολὴν
1265 3452 1420 3505 distinxisse

188 3537 290 3590 Aratus
309 3535 415 3601 dicitur,
434 3535 470 3589 ad
483 3528 697 3589 ‘Phaenomena'
716 3535 842 3602 pertinet.

255 3620 287 3684 ¹⁸)
306 3619 447 3688 Oppianus
462 3613 515 3672 ‘De
533 3615 691 3673 venatione'
710 3621 825 3674 Dianam
848 3621 917 3675 lacit
935 3622 969 3675 ad
990 3627 1098 3690 poetam
1117 3638 1141 3673 v.
1157 3625 1253 3690 20sqq.
1273 3622 1418 3676 dicentem:

459 3700 552 3776 ἔγρεο,
569 3709 618 3761 καὶ
636 3715 770 3779 τρηχεῖαν
788 3705 997 3778 ἐπιστείβωμεν
1014 3700 1156 3778 άταρπόν,

461 3786 513 3861 τὴν
529 3782 669 3862 μερόπων
688 3789 768 3847 οόπω
787 3812 829 3856 τις
847 3789 895 3862 ἑῇς
912 3788 1054 3863 ἐπάτησεν
1072 3787 1192 3856 άοιδαῖς.

186 3874 316 3929 Manilius
336 3868 613 3930 ‘Astronomicorum’
641 3877 751 3930 exordio
771 3877 914 3931 Gaesarem
937 3876 1080 3931 adlocutus
1104 3881 1146 3926 ire
1165 3886 1219 3942 per
1243 3882 1333 3942 ipsum
1355 3894 1422 3926 aera

188 3959 313 4025 instituit,
326 3965 369 4011 ire
377 3970 432 4026 per
443 3966 502 4011 alta
515 3970 593 4012 astra
608 3962 775 4030 Pythagoras
790 3962 863 4030 apud
876 3961 998 4015 Ovidium
1008 3954 1096 4014 ‘Met'
1108 3961 1159 4015 XV
1171 3977 1195 4014 v.
1208 3965 1255 4015 147
1270 3959 1422 4025 (Schmekel

183 4037 236 4097 ‘De
254 4043 511 4114 OvidianaPythag.
530 4046 615 4100 doctr.
635 4040 768 4100 adumbr.'
786 4063 812 4115 p.
828 4050 927 4114 31111),
946 4045 1000 4099 alia
1018 4046 1157 4099 nonnulla.
1194 4043 1275 4098 (lasui
1291 4059 1354 4098 vero
1369 4045 1421 4096 hae

188 4127 294 4182 dandae
311 4129 507 4195 similitudines,
525 4145 577 4184 nec
594 4130 728 4184 credimus
742 4131 926 4184 Romanorum
939 4130 986 4184 ulli
1005 4129 1086 4182 aliam
1105 4146 1184 4196 quam
1203 4130 1281 4183 nobis
1299 4128 1422 4197 patuisse

190 4211 441 4268 Phaenomenorum
459 4214 574 4269 formam
593 4221 620 4268 et
636 4215 792 4268 editionem.

276 4299 307 4363 ¹⁴)
325 4298 466 4368 Oppianus
483 4299 501 4354 l.
521 4315 543 4354 c.
563 4317 587 4353 v.
607 4303 622 4351 3
641 4293 786 4355 Αὐσονίαν
805 4295 897 4371 Ζηνὸς
914 4295 1056 4371 γλυκερὸν
1073 4297 1173 4365 θάλος,
1194 4294 1345 4356 laceror.
