3174 5160
230 394 281 448 111.
301 393 351 447 DE
369 393 484 447 ARATI
501 392 769 447 INTERPRETUM
788 392 849 460 QUI
869 392 1016 446 FERTUR
1034 395 1237 452 CATALOGO.
1293 398 1353 455 129

116 573 226 654 μανίᾳ
243 563 425 650 ὁμοπολῶν
449 559 532 631 αὐτὰ
556 566 642 646 (ΒΤ,
666 567 771 630 ταῦτα
794 564 937 629 coniecit
956 566 1037 641 Ast)
1060 566 1171 632 πάντα
1194 569 1352 634 καὶκατὰ

118 669 228 747 θεοὺς
243 670 298 734 καὶ
314 660 386 733 και>
414 661 627 752 ἀνθρώποις.
666 671 696 736 ls
712 671 801 736 locus
818 670 933 735 mendo
949 672 1141 753 inquinatur,
1166 692 1236 737 cum
1260 693 1354 739 nemo

118 796 264 858 unquam
288 773 528 848 astronomus²³t
550 774 674 838 caelum
696 764 813 855 ‘polos'
840 792 899 837 nec
922 772 1041 837 dixerit
1063 794 1121 839 nec
1144 774 1210 839 ulla
1233 776 1354 840 ratione

120 880 236 944 dicere
258 878 375 960 possit,
405 877 433 941 si
462 875 539 957 quid
570 876 721 958 sapimus.
766 874 892 938 Platoni
923 865 961 936 οὗ
991 895 1048 957 pro
1073 871 1129 949 οὓς
1155 875 1354 941 reddendum

119 1001 197 1048 esse
214 998 382 1046 censemus
397 978 430 1040 in
445 977 762 1059 poetispraesertim,
785 995 897 1040 verum
914 978 1008 1041 etiam
1027 978 1059 1041 in
1082 978 1121 1042 iis
1137 979 1353 1061 scriptoribus

121 1085 182 1167 qui
206 1082 360 1149 semotius
388 1079 517 1144 dicendi
540 1099 641 1160 genus
664 1098 767 1160 neque
791 1078 941 1143 excolunt
963 1098 1067 1161 neque
1090 1079 1250 1162 affectant,
1275 1083 1356 1146 bene

121 1202 285 1250 memores
314 1183 394 1246 talia
425 1182 578 1247 lectitari:
610 1172 667 1244 ‘ll'
699 1181 747 1244 XI
769 1202 799 1244 v.
818 1185 878 1243 757
914 1183 1038 1265 πέτρης
1072 1173 1103 1241 a'
1127 1173 1273 1269 Ὠλενίης
1301 1185 1354 1246 καὶ

120 1282 293 1350 Άλεισίοο
317 1280 402 1347 ’ἔνθα
422 1279 551 1369 κολώνη
573 1282 736 1368 κέκληται,
760 1282 852 1346 Pind.
873 1275 986 1348 ‘Nessa'
1012 1283 1060 1348 IX
1084 1306 1113 1349 v.
1131 1290 1167 1347 41
1194 1284 1356 1360 (Helorus)

122 1381 204 1456 ’ἐνθ’
220 1379 340 1470 Ἀρέας
355 1382 463 1469 πόρον
479 1378 659 1467 ἅνθρωποι
675 1385 834 1461 καλέοισι,
858 1384 1036 1467 Sophocles
1049 1379 1220 1451 ‘Trachin'
1249 1407 1277 1449 v.
1295 1389 1356 1450 636

122 1492 247 1570 (Malis)
269 1480 345 1554 ’ἕνθ’
369 1482 531 1552 Ἑλλάνων
556 1480 674 1572 ἀγοραὶ
691 1483 880 1560 Heluetios·
895 1486 1047 1551 κλέονται
1068 1489 1089 1552 i.
1106 1508 1132 1553 e.
1159 1489 1212 1553 ubi
1235 1488 1358 1572 Pylaea

121 1615 213 1678 quae
242 1593 445 1676 appellantur
474 1592 610 1657 concilia
638 1598 724 1682 sunt,
757 1589 850 1653 Plato
881 1590 950 1672 ipse
979 1592 1012 1654 in
1039 1582 1239 1655 ‘Phaedone'
1273 1613 1300 1657 c.
1318 1595 1356 1656 57

120 1718 157 1781 p.
178 1700 237 1760 107
262 1695 286 1760 O
310 1685 393 1756 ἀλλὰ
416 1691 495 1757 τόδε
516 1684 560 1775 γ’,
585 1689 659 1777 ἔφη,
684 1686 709 1752 αλ
734 1684 859 1773 ἄνδρες,
885 1691 1014 1755 δίκαιον
1037 1691 1269 1780 διανοηθῆναι,
1293 1685 1357 1773 ὅτι,

122 1796 225 1882 εἴπερ
247 1790 267 1883 ἡ
290 1791 376 1881 ψυχὴ
394 1787 576 1872 ἀθάνατος,
594 1791 787 1875 ἐπιμελείας
811 1791 849 1870 ὀὴ
866 1793 974 1858 δεῖται
997 1788 1053 1875 οὐχ
1070 1790 1152 1878 ὑπὲρ
1169 1799 1226 1860 τοῦ
1239 1795 1358 1879 χρόνον
1403 1833 1406 1839 ·

124 1897 251 1964 τούτου
266 1896 379 1979 μόνον,
403 1893 437 1959 ἐν
460 1888 487 1980 (ᾗ
503 1896 665 1977 καλοῦμεν
680 1893 718 1959 τὸ
737 1892 801 1981 ζῆν,
820 1887 895 1957 ἀλλ)
914 1890 999 1982 ὑπὲρ
1016 1899 1074 1961 τοῦ
1090 1896 1227 1972 παντός.
1268 1898 1359 1976 Quae

122 2022 241 2070 versus
258 2000 464 2087 Empedoclis
486 1999 527 2066 de
543 1999 699 2081 sanguine
721 2000 837 2064 mentis
860 2001 984 2082 origine
1007 2001 1039 2065 in
1056 2002 1242 2066 memoriam
1266 2022 1356 2067 revo-

124 2111 218 2172 eant:
242 2101 384 2184 αἵματος
399 2099 433 2166 ἐν
450 2098 633 2184 πελάγεσσι
648 2104 861 2187 τεθραμμένη
879 2095 1128 2187 ἀντιθορόντος,
1145 2104 1185 2187 τῇ
1200 2126 1237 2166 τε
1253 2102 1359 2189 νόημα

123 2205 279 2289 μάλιστα
294 2202 501 2290 κικλήσκεται
523 2195 776 2285 ἀνθρώποισιν·
801 2199 884 2282 αἷμα
899 2202 960 2287 γὰρ
978 2197 1178 2287 ἀνθρώποις
1201 2205 1359 2291 περικάρ-

125 2306 204 2373 ὃιόν
228 2304 299 2372 ἐστι
322 2303 430 2390 νόημα
451 2305 552 2382 (Stob.
573 2296 661 2370 ‘Eol’
689 2305 749 2387 lp.
767 2309 828 2369 424
852 2326 892 2371 ex
916 2307 1117 2391 Porphyrior.
1165 2309 1228 2374 Ubi
1250 2309 1359 2374 κυκλί-

127 2433 247 2476 σκεται
267 2415 341 2493 post
361 2409 555 2475 Heerenium
578 2407 837 2474 Wechsmuthius
860 2409 987 2473 induxit
1009 2411 1118 2476 invitis
1141 2412 1289 2490 librariis,
1313 2413 1357 2476 in-

124 2515 197 2580 vito
232 2512 328 2577 etiem
357 2511 534 2591 Meinekio‚
569 2511 623 2593 qui
657 2511 789 2575 verbum
819 2510 1026 2574 κοκλίσκεται
1061 2532 1190 2594 prorsus
1220 2513 1359 2579 insolens

127 2612 344 2682 coniectando
372 2613 534 2698 procreari
564 2615 665 2678 vetuit
688 2612 771 2678 FCG
794 2612 824 2675 ll
846 2632 876 2694 p.
898 2615 945 2676 18.
984 2614 1052 2678 Nec
1080 2615 1201 2697 respuit
1224 2616 1357 2681 eandem

126 2724 321 2786 structuram
339 2715 499 2799 Xenopho
522 2716 554 2779 in
568 2706 811 2781 ‘Oeconomico'
837 2715 883 2778 lV
900 2717 918 2778 6
934 2716 978 2791 (11
992 2735 1023 2799 p.
1044 2718 1103 2778 149
1119 2715 1206 2793 Sch.)
1229 2715 1359 2792 πάντας

125 2812 202 2901 ἅμα
226 2815 375 2901 συνάγων
405 2819 485 2896 (rex)
516 2814 602 2903 πλὴν
625 2813 702 2891 τοὺς
726 2813 759 2879 ἐν
788 2828 862 2890 ταῖς
885 2809 1116 2901 ἀκροπόλεσιν,
1142 2815 1227 2883 ἔνθα
1251 2817 1289 2904 δὴ
1313 2815 1360 2885 «Ὁ

128 2920 307 3005 σύλλογος»
320 2920 482 2997 καλεῖται,
506 2916 582 2994 τούς
604 2918 664 3000 μὲν
681 2911 769 3003 ἀμφὶ
784 2915 843 3004 τὴν
859 2916 977 2981 ἑαυτοῦ
994 2917 1122 3005 οἲκρσιν
1139 2912 1238 2996 αὐτὸς
1254 2918 1361 3007 ἐφορᾷ

126 3016 207 3088 uel?
232 3042 338 3106 neque
366 3021 570 3106 Hipparchus
599 3030 816 3102 astronomus,
847 3022 930 3086 unde
953 3040 983 3104 p.
1001 3026 1103 3106 77,15
1134 3022 1361 3108 adscripsimus

219 3243 254 3309 ²⁵)
270 3241 346 3295 Inter
357 3245 452 3311 poetas
465 3243 579 3294 conatus
597 3247 637 3294 est
650 3239 774 3293 Valerius
787 3241 901 3295 Flaccus
914 3234 1165 3306 in‘Argonauticis’
1184 3241 1196 3292 l
1210 3258 1233 3296 v.
1246 3246 1361 3310 tlfisqq.

127 3327 279 3400 procellam
298 3326 465 3381 describens:

558 3414 637 3462 Vasta
651 3415 762 3476 pariter
780 3415 839 3460 ruit
855 3416 954 3476 igneus
972 3415 1068 3461 aether

337 3517 398 3549 cum
415 3502 518 3547 tonitru
533 3501 666 3561 piceoque
680 3501 784 3559 premit
801 3515 855 3546 nox
872 3502 961 3546 omnia
974 3501 1035 3546 cael
1051 3536 1056 3546 .

340 3586 461 3635 Excussi
474 3586 600 3633 manibus
617 3585 687 3631 remi
704 3600 889 3647 conversaque
902 3585 1028 3649 frontem

334 3673 443 3735 puppis
459 3673 489 3718 in
507 3671 646 3733 obliquum
663 3685 771 3717 resonos
789 3672 863 3717 latus
880 3673 982 3733 accipit
998 3673 1068 3719 ictus
1086 3713 1091 3723 ,
1106 3712 1131 3723 ..

543 3755 599 3815 Qui
614 3760 671 3801 tum
690 3754 796 3818 Minyis
814 3758 1015 3818 trepidantibus
1034 3758 1141 3814 norror,

340 3857 401 3889 cum
414 3842 491 3903 picei
500 3839 616 3905 fulsere
629 3842 691 3902 poli
704 3842 893 3903 pavidamque
911 3857 1039 3889 coruscae

340 3931 405 3973 ante
421 3930 509 3973 ratem
528 3927 648 3973 cecidere
660 3924 762 3990 faces!

132 4025 272 4081 Sentimns
296 4030 386 4079 tamen
409 4024 504 4092 facile,
528 4026 592 4093 quid
617 4027 686 4078 inter
712 4024 831 4078 Platonis
856 4027 945 4078 locum
969 4027 1076 4079 intersit
1100 4034 1128 4078 et
1146 4026 1296 4079 Valerium:
1321 4024 1366 4077 ille

131 4110 285 4167 secundum
304 4110 444 4165 lectionem
469 4111 597 4164 traditum
620 4111 792 4180 loqueretur,
817 4113 895 4179 quasi
912 4108 999 4167 πόλοι
1017 4112 1133 4177 vulgaris
1152 4119 1224 4163 esset
1241 4116 1365 4162 astrono-

132 4210 241 4251 morum
262 4194 299 4264 *de
321 4195 397 4250 caelo
420 4197 564 4261 terminus,
592 4196 636 4250 hic
659 4212 716 4250 non
740 4197 799 4250 sine
824 4197 931 4249 licentia
954 4205 1049 4264 poetae
1074 4210 1203 4250 concessa
1228 4196 1368 4248 aduobus

132 4281 246 4352 punctis
270 4279 322 4333 sibi
345 4280 478 4348 oppositis
504 4287 591 4334 totum
615 4282 681 4335 caeli
703 4281 811 4347 globum
837 4281 1005 4347 significavit.
1047 4280 1200 4334 Cavendum
1224 4283 1304 4348 igitur
1327 4288 1368 4334 est

132 4382 217 4436 quam
227 4365 571 4430 maximenestltnendsm
579 4366 702 4420 codicum
711 4366 912 4419 Platonicorum
922 4367 1112 4420 auctoritatem
1120 4365 1226 4420 Valerio
1236 4366 1367 4419 abuteris.

185 4458 298 4511 Plrilolog.
312 4459 508 4512 Uutersnchnngon
524 4461 576 4502 ΧΗ.
1195 4458 1210 4506 9
