3174 5160
462 370 510 424 IX.
530 369 769 424 EPIMENIDEA
787 370 836 424 ET
854 370 1123 426 ARCHILCCHEA.
1343 373 1405 433 343

171 542 342 625 usurpavit
357 543 542 609 certissime.
572 541 761 620 Quaerimus
777 543 893 609 librum
908 543 1170 627 Epimenideum:
1183 537 1400 629 ‘Theogonis'

171 645 257 709 ultro
280 643 421 709 offertur.
465 642 557 721 Quae
587 644 663 708 inde
684 665 705 708 a
727 647 837 726 quinto
867 645 996 711 ineunte
1027 648 1155 714 saeculo
1185 649 1237 713 vel
1266 654 1403 715 exeunte

171 751 267 812 sexto
291 745 433 812 adscribi
455 745 639 828 Epimenidi
662 753 778 829 coepta
800 746 884 821 esth.

259 1000 473 1066 Dubitaverat
494 999 536 1066 de
559 1000 789 1082 Epimenideae
812 1001 941 1067 fabulae
969 1000 1033 1067 fide
1056 1022 1094 1066 ae
1116 1004 1253 1068 veritate
1275 1002 1402 1068 Aratus.

171 1102 304 1167 Nullum
320 1101 513 1168 dubitationi
528 1103 634 1167 locum
650 1101 895 1183 relinquendum
911 1122 982 1168 esse
997 1111 1029 1168 et
1044 1103 1190 1169 fraudem
1206 1103 1403 1187 adgnoscen-

171 1203 247 1269 dam
271 1204 433 1287 professus
457 1211 506 1270 est
527 1205 603 1269 item
627 1204 660 1267 in
682 1203 821 1285 pueritia
836 1204 923 1269 Iovis
947 1204 1160 1271 describenda
1176 1204 1403 1272 Callimachus.

170 1306 300 1387 Atque
323 1305 379 1371 ille
401 1307 524 1371 auxilio
548 1311 580 1370 et
601 1304 816 1370 firmamento!
862 1305 958 1372 Haud
985 1306 1128 1389 inlepide
1151 1307 1252 1389 ipsius
1274 1307 1405 1391 Epime-

171 1407 256 1473 nidis
279 1408 504 1473 sententiolam
527 1407 708 1490 adsumpsit
730 1407 796 1473 suis
825 1408 1046 1474 adversarium
1076 1410 1173 1474 armis
1203 1410 1403 1492 repulsurus:

300 1509 374 1587 Ζεῦ,
399 1505 436 1571 οὲ
457 1506 518 1588 μὲν
535 1500 708 1572 Ἰδαίοισιν
731 1505 764 1572 ἓν
788 1500 902 1591 adeant
925 1530 1010 1596 φασι
1031 1512 1206 1593 γενέσθαι,

300 1611 376 1688 Ζεῦ,
400 1607 437 1673 σὲ
460 1601 492 1672 δ’
520 1606 553 1673 ἓν
576 1601 750 1694 Ἀρκαδίῃ·
773 1608 922 1693 πότεροι,
947 1608 1065 1694 πάτερ,
1089 1608 1275 1692 ἐψεύσαντο
1283 1638 1294 1690 ,·

297 1713 446 1798 «Κρῆτες
469 1702 521 1774 ἀεὶ
547 1715 724 1794 devocet».

170 1813 372 1897 Epimenidis
402 1814 507 1896 gratia
534 1815 620 1890 (snb
644 1815 696 1890 K.)
726 1814 754 1880 si
784 1815 855 1897 quis
878 1814 1112 1881 Callimachum
1143 1820 1269 1899 putaret
1292 1813 1402 1897 hymni

170 1915 339 1981 exordium
362 1917 408 1981 ita
430 1916 634 1982 constituisse
656 1917 806 1998 etfacit,
836 1917 902 1981 vim
930 1924 962 1982 et
984 1918 1133 1981 iniuriam
1156 1916 1265 1982 subtili
1287 1923 1403 1999 poetae

170 2019 300 2101 ingenio
327 2018 460 2082 inferret
488 2037 526 2082 ac
555 2017 699 2083 consilio.
744 2016 912 2083 Subtilitas
942 2038 1019 2084 vero
1048 2017 1213 2101 cogitandi
1241 2019 1403 2101 patefacta

169 2121 262 2187 nobis
285 2119 428 2203 videtur,
458 2117 632 2184 dummodo
654 2119 788 2184 Aratum
817 2119 1000 2203 perpendas
1028 2121 1092 2185 iam
1115 2126 1148 2186 et
1169 2121 1274 2202 ipsum
1298 2119 1401 2185 haesi·

168 2229 254 2289 tasse
289 2219 331 2300 (εἰ
360 2216 452 2284 ἐτεὸν
482 2217 544 2306 δή).
588 2214 844 2287 ‘Phaenomena'
881 2223 976 2288 amici
1006 2221 1206 2288 Cretensium
1241 2222 1403 2304 castigans

169 2323 339 2390 mendacia
360 2324 489 2390 strinxit
511 2323 738 2390 Callimachus.

252 2417 426 2492 ‘Oracnlis'
457 2444 628 2508 perperam
658 2425 831 2492 Kinkelius
860 2445 989 2492 versum
1020 2426 1162 2492 inseruit.
1207 2424 1278 2503 Quo
1307 2425 1403 2492 facile

168 2529 306 2594 refutato
334 2527 378 2592 ad
397 2519 613 2593 ‘Catharmcs'
646 2529 754 2610 potius
787 2529 850 2594 sibi
883 2528 1083 2594 redeundum
1112 2528 1274 2594 Dielesius
1304 2535 1402 2610 ratus,

171 2630 221 2694 vir
250 2649 408 2711 summus,
442 2630 497 2694 uhi
529 2630 655 2696 civibus
684 2631 910 2696 abstinentiam
941 2630 1247 2713 commendavisset,
1281 2630 1402 2697 ibidem

169 2730 393 2814 Epimenidem
417 2733 533 2798 iecisse
555 2733 588 2795 in
604 2732 773 2798 Cretenses
796 2733 989 2815 vituperium
1012 2732 1093 2797 illud
1114 2753 1145 2816 p.
1163 2737 1225 2798 395
1241 2734 1286 2797 ita
1309 2732 1402 2800 doce-

169 2834 238 2898 bat:
271 2830 358 2915 Auf
381 2831 473 2894 dieue
495 2829 951 2916 Enllzaltramkez'trpredz'gl
978 2832 1107 2894 bersabe
1137 2832 1191 2894 ab
1220 2831 1309 2894 auch
1336 2831 1403 2894 den

168 2932 328 2996 berdhmt
336 2935 563 3018 gewordenen
574 2935 657 2997 Vera
670 2937 797 3020 Κρῆτες
813 2928 865 3000 ἀεὶ
883 2942 1037 3018 decoret,
1053 2933 1135 2998 κακά
1152 2940 1269 3019 θηρία,
1284 2938 1403 3016 γαστέ-

169 3062 224 3118 ρες
247 3029 357 3121 ἀργαί.
400 3034 474 3099 Ec'n
496 3035 624 3100 Orokel
644 3034 692 3097 c'sl
713 3057 747 3097 es
770 3034 875 3109 nsaht,
899 3035 955 3097 dc'e
976 3035 1093 3098 starke
1114 3033 1288 3098 Invectz've
1303 3039 1405 3118 pass!

168 3139 258 3201 auch
286 3138 392 3201 kaum
421 3136 460 3199 in
489 3138 557 3200 den
582 3136 779 3199 Orokellon.
823 3137 997 3221 Dagegen
1026 3137 1113 3199 ldsst
1139 3135 1212 3199 uzuh
1239 3137 1304 3199 wol
1329 3156 1402 3198 ver·

169 3241 279 3314 stelin,
302 3261 400 3302 menn
422 3241 484 3302 der
506 3239 731 3324 Epz'rnem'der
754 3240 817 3301 der
836 3235 1082 3301 ‘Kathurmen’
1108 3259 1204 3300 aeone
1227 3237 1265 3300 z'n
1281 3236 1403 3301 Scinde

169 3341 377 3405 verstcckten
399 3342 615 3405 Landsleute
637 3342 747 3404 durclz
771 3341 828 3404 dte
848 3340 1093 3425 Empfelzlung
1115 3341 1177 3402 der
1199 3338 1402 3424 orphzschen

171 3561 307 3627 significat
327 3562 535 3625 (Valckenarius
555 3555 707 3615 ‘Diatriba'
731 3581 757 3631 p.
775 3567 823 3615 tto
841 3568 868 3615 et
892 3576 976 3629 supra
994 3578 1020 3628 p.
1036 3564 1107 3624 litt:
1133 3559 1204 3613 male
1225 3564 1265 3611 ad
1286 3564 1404 3626 aliquod

170 3633 278 3712 timpus
295 3646 501 3714 Bernhardyns‚
520 3647 651 3715 deceptus
675 3646 793 3701 fortasse
812 3648 913 3700 Laertii
930 3647 1059 3714 Diogenis
1078 3647 1139 3700 loco
1157 3645 1169 3698 1
1191 3651 1230 3709 lo,
1245 3651 1259 3698 ῖ
1269 3665 1276 3698 :
1301 3644 1355 3701 εἰσὶ
1373 3638 1403 3700 d'

171 3728 200 3786 οἳ
216 3727 254 3800 μὴ
268 3735 441 3802 κοιμηθῆναι
459 3725 551 3786 circa
567 3732 706 3802 λέγουσιν,
724 3728 797 3789 drab
808 3733 920 3803 χρόνον
938 3728 1001 3787 τινὰ
1014 3730 1173 3801 ἐκπατῆσαι
1185 3726 1403 3801 ἀσχολούμενον

170 3820 236 3885 περὶ
253 3815 431 3888 ῥιζοτομίαν.
466 3815 538 3869 ilinc
563 3827 619 3880 est,
645 3818 718 3886 quod
742 3819 843 3871 herbae
866 3818 1014 3872 nonnullae
1036 3826 1168 3870 vocantur
1190 3809 1400 3883 Ἔπιμενίοειοις

170 3899 308 3968 Theophr.
322 3897 405 3955 ‘llist
425 3894 520 3968 plant'
540 3901 673 3966 vniat
699 3899 851 3970 {declamari
874 3897 890 3973 ἦ
909 3907 962 3958 τοῦ
980 3898 1144 3972 ἀσφοδέλου
1167 3899 1233 3973 ῥίζα
1250 3904 1299 3956 καὶ
1316 3893 1333 3970 ἦ
1352 3903 1403 3970 τῆς

170 3986 296 4056 orell-ipe,
312 3980 386 4057 πλὴν
405 3980 439 4042 οὗ
457 3983 550 4057 πάσης
570 3982 643 4042 dijs't
661 3991 712 4058 τῆς
729 3980 930 4055 Ἐπιμενιδειόο
947 3988 1136 4056 καλουμένης,
1153 3980 1171 4056 ἢ
1189 3980 1250 4042 ‹inl›
1268 3989 1319 4056 τῆς
1334 3981 1401 4056 χρὴ

170 4088 243 4134 σειος
264 4067 323 4140 ἔχει
346 4067 399 4141 τὴν
423 4073 632 4143 ποοοηχοοίοο,
668 4073 709 4124 lle
737 4073 881 4126 trochiecis
904 4073 1101 4140 Epimenidem:
1130 4071 1280 4126 Schultess,
1305 4086 1332 4138 p.
1346 4072 1400 4122 5⁰⁸.

170 4153 209 4205 cf.
229 4155 414 4210 Wilamovitz.
432 4158 450 4209 l.
468 4173 493 4210 c.

257 4242 277 4303 ⁵)
301 4240 333 4294 Ο.
352 4241 426 4295 Kern
450 4240 502 4296 'De
529 4242 630 4310 Orphei
656 4242 824 4312 Epimenidie
850 4240 1014 4310 Pherecydis
1041 4234 1218 4308 Theogoniis'
1242 4255 1270 4307 p.
1292 4242 1403 4308 οἴκῃ,

173 4323 248 4379 Diels
261 4320 459 4394 ‘Sitznngaben
479 4328 528 4380 der
546 4327 668 4382 Berlincr
687 4320 786 4382 Akad?
807 4331 871 4381 taut
891 4343 919 4395 p.
933 4328 1079 4389 tsi-4⁴13,
1097 4325 1277 4379 Wilamowitz
1293 4323 1312 4377 l.
1331 4339 1355 4377 c.
