3174 5160
385 369 433 425 XL
454 370 653 426 ANEODOTA
671 373 914 431 BASILEENSIA
932 377 980 431 ET
997 377 1275 435 LAURENTIANA.
1389 381 1451 440 375

218 544 369 610 collectio
401 546 484 609 haec
516 552 575 609 est.
625 568 656 609 sc
690 553 806 612 autem
859 550 1015 636 περὶτῆς
1033 553 1334 634 τῶνφαινομένων
1357 551 1451 618 εἰσα-

218 646 415 712 constiterit
428 646 528 722 νσένο,
549 655 583 712 σέ
596 655 808 713 caeterorum
859 653 966 737 γωγῆς
981 645 1075 716 ταῦτ’
1102 651 1201 718 ἐ’στιν.
1240 652 1322 719 εἰδὲ
1341 671 1449 738 προσ-

168 763 196 814 1⁰
217 748 328 814 huius
341 750 513 834 facturae
527 750 716 835 adr'rnplebo
737 772 810 814 σιν·
863 757 964 818 πέσοι
985 751 1024 818 τὸ
1055 753 1279 834 σονταξέόιον,
1307 757 1362 821 καὶ
1390 753 1449 822 τὸν

218 853 308 926 bum,
318 850 653 925 πίπτοντ’,σισνινιαίιαι
656 851 811 936 factoris
863 853 937 942 ἑξῆς
964 859 1024 921 τοῦ
1053 856 1243 942 ποιήματος
1270 879 1449 942 προσαπο-

209 954 502 1040 fundamentum,
516 952 811 1016 utnc'ln'ltelatere
864 956 962 1022 δώσω
985 957 1091 1042 λόγον,
1119 954 1165 1036 ὡς
1187 958 1281 1046 ἔφην,
1303 957 1387 1025 κατὰ
1410 957 1447 1025 τὸ

212 1055 336 1142 possz't,
348 1076 497 1138 qaorum
508 1056 549 1118 ab
562 1076 598 1118 ιο
610 1054 701 1118 dz'cta
714 1061 808 1118 sant.
860 1061 919 1123 τοῦ
934 1063 1078 1146 ποιητοῦ
1089 1062 1261 1143 θεμέλιον,
1276 1053 1371 1137 ὅπως
1385 1086 1450 1148 μη-

860 1163 923 1225 θέν
947 1183 984 1226 σε
1006 1161 1158 1248 λανθάνῃ
1187 1165 1254 1228 τῶν
1277 1158 1361 1247 παρ’
1390 1156 1447 1228 οὐ·

860 1264 920 1326 τοῦ
943 1261 1133 1351 εἰρημένων.

219 1417 273 1476 8,9
292 1417 459 1483 συναγωγῆς
476 1412 513 1465 Lb
545 1413 554 1479 ΙΙ
575 1416 603 1475 9,
619 1416 649 1463 lo
672 1410 832 1485 προσπέσοι
850 1411 886 1463 [p
916 1415 925 1478 ΙΙ
952 1419 981 1467 10
1007 1416 1200 1481 σονταξείδιον
1218 1415 1291 1483 ΒΙιῦ,
1320 1412 1450 1483 συντάξει

218 1499 284 1554 δέον
306 1497 344 1552 Lb
369 1500 379 1566 ΙΙ
404 1501 434 1551 12
453 1493 506 1553 τὸν
524 1496 584 1550 BLb
603 1495 638 1548 Ιιο
661 1498 669 1563 ΙΙ
692 1500 724 1549 14
741 1491 869 1566 λανθάνη
888 1497 946 1550 ΒΙιο
967 1499 976 1565 ΙΙ
1000 1504 1068 1563 14,5
1087 1492 1166 1556 αὐτοῦ
1183 1499 1228 1554 Lb.

220 1672 288 1740 His'
305 1672 414 1738 verbis
437 1671 515 1737 olim
537 1669 720 1752 interpretis
735 1668 847 1733 Aratei
863 1673 1050 1752 opuseulum
1069 1673 1254 1738 conclusum
1270 1678 1327 1738 est.
1365 1672 1450 1737 Nam

219 1777 392 1860 pollicetur
422 1773 574 1855 scriptor,
605 1770 751 1837 simodo
778 1771 937 1852 placuerit
962 1773 1102 1855 Isagoga
1130 1769 1173 1850 (εἰ
1195 1776 1389 1856 προσπέσοι
1410 1772 1449 1838 τὸ

221 1875 460 1958 συνταξίδιον),
490 1874 602 1941 ordine
630 1870 800 1955 postmodo
832 1892 903 1937 sese
931 1893 1058 1940 carmen
1088 1875 1192 1957 ipsum
1221 1883 1450 1942 enarraturum.

222 1983 323 2048 Recte
345 1981 443 2062 igitur
465 1979 497 2042 in
521 1976 622 2041 verba
635 1968 707 2041 'ista
729 1994 801 2040 cum
824 1993 942 2056 graeca
964 1982 1083 2041 exeunt
1099 1977 1198 2058 iniis,
1221 1997 1302 2060 quos
1321 1998 1450 2044 enume-

221 2085 375 2166 ravimus,
398 2085 548 2164 quattuor
564 2077 741 2158 codicibus,
764 2083 830 2140 tum
853 2077 952 2141 latine
974 2078 1138 2144 translata.
1176 2079 1349 2145 Praeterea
1366 2099 1449 2162 quas

223 2185 372 2269 proxime
387 2182 599 2248 subinductur
614 2179 646 2242 in
662 2178 745 2242 libro
761 2176 949 2261 Basileensi‚
974 2180 1034 2244 etsi
1049 2199 1090 2244 ne
1106 2180 1192 2245 linea
1207 2181 1338 2262 quidem
1355 2183 1450 2246 inter·

222 2293 318 2370 rupta
340 2285 574 2363 continuantur,
604 2286 715 2363 aperte
738 2286 844 2344 tamen
868 2281 981 2344 ceteris
1008 2281 1116 2346 aliena
1138 2289 1220 2347 sunt.
1265 2284 1372 2364 Atque
1394 2302 1450 2348 ex·

221 2397 307 2456 stant
335 2388 450 2453 eadem
480 2384 668 2467 praemissis
697 2383 794 2462 longe
816 2379 889 2444 aliis
912 2381 1105 2461 quibusdam
1134 2385 1251 2448 iterata
1272 2385 1305 2448 in
1332 2385 1450 2468 prioris

218 2489 498 2575 praefatiunculae
522 2483 719 2550 Basileensis
741 2481 821 2546 line:
850 2482 903 2544 vel
927 2479 1002 2546 hinc
1022 2484 1192 2549 manifesto
1219 2505 1270 2550 res
1294 2486 1449 2552 confecta.

219 2595 310 2661 Unus
326 2592 475 2658 Vaticani
499 2587 649 2653 librarios
672 2603 735 2648 non
758 2583 855 2647 modo
873 2584 1010 2649 semovit
1028 2604 1112 2666 quae
1127 2585 1225 2653 modo
1241 2587 1450 2670 adposuimus

220 2697 279 2763 sed
301 2695 453 2761 adiunxit
474 2708 602 2775 quoque
625 2687 707 2751 bene
730 2704 814 2749 nexo
838 2684 1024 2767 disputandi
1047 2685 1102 2752 filo
1125 2690 1234 2771 capita
1248 2691 1402 2755 nonnulla
1418 2690 1451 2753 in

220 2798 337 2865 ceteris
360 2794 528 2863 codicibus
551 2787 790 2874 praetermissa,
814 2804 897 2868 quae
919 2788 1005 2870 apud
1023 2788 1198 2854 Victorium
1223 2797 1256 2855 et
1279 2791 1451 2856 Petavium

220 2900 311 2966 illinc
335 2899 494 2981 impressa
517 2892 671 2959 invenies.
717 2884 841 2963 Quibus
863 2890 1032 2969 perpensis
1055 2889 1275 2958 existimamus

375 3020 406 3093 1)
424 3015 489 3080 duo
513 3030 584 3077 esse
608 3026 727 3091 genera
750 3004 895 3069 codicum
918 3003 1146 3092 discernenda,
1177 3029 1312 3092 quorum
1342 3016 1450 3074 tamen

424 3123 538 3181 neutro
561 3109 748 3194 opusculum
772 3106 951 3170 continetur
972 3107 1069 3188 plane
1092 3109 1267 3192 integrum

373 3225 405 3300 2)
424 3217 558 3283 alterius
589 3210 716 3295 generis
746 3205 844 3289 (quod
875 3208 982 3272 multis
1011 3215 1060 3273 est
1088 3209 1253 3276 codicibus
1283 3210 1449 3288 traditum)

425 3339 497 3386 esse
528 3314 660 3399 quidem
689 3311 895 3390 interpretem
918 3307 1069 3391 latinum,
1099 3311 1156 3376 sed
1186 3313 1319 3394 propius
1345 3312 1387 3377 ad
1410 3308 1451 3376 11¹³

425 3421 499 3487 libri
523 3418 715 3484 varietatem
739 3409 916 3490 scripturae
939 3428 1035 3490 quam
1064 3411 1106 3475 ad
1130 3418 1254 3478 ceteros
1283 3412 1449 3496 accedere,

424 3532 460 3588 ut
483 3521 545 3584 boc
567 3518 636 3582 fere
659 3520 793 3579 stemma
816 3515 883 3574 toto
907 3508 1071 3577 conficias:

681 3752 704 3795 X

791 3884 813 3943 l'

902 4017 918 4058 n

722 3982 829 4238 JK
919 4144 935 4232 l,
1003 4155 1120 4218 latinus

554 4275 582 4338 V
704 4266 730 4329 B
830 4253 950 4322 mil>
