<?xml version="1.0" encoding="UTF-8"?>
<!DOCTYPE html PUBLIC "-//W3C//DTD XHTML 1.0 Transitional//EN"
    "http://www.w3.org/TR/xhtml1/DTD/xhtml1-transitional.dtd">
<html xmlns="http://www.w3.org/1999/xhtml" xml:lang="en" lang="en">
 <head>
  <title>
</title>
<meta http-equiv="Content-Type" content="text/html;charset=utf-8" />
  <meta name='ocr-system' content='tesseract 3.04.00' />
  <meta name='ocr-capabilities' content='ocr_page ocr_carea ocr_par ocr_line ocrx_word'/>
</head>
<body>
  <div class='ocr_page' id='page_1' title='image "./aratea00maasgoog_0354.png"; bbox 0 0 3174 5160; ppageno 0'>
   <div class='ocr_carea' id='block_1_1' title="bbox 429 352 1367 411">
    <p class='ocr_par' dir='ltr' id='par_1_1' title="bbox 429 352 1367 411">
     <span class='ocr_line' id='line_1_1' title="bbox 429 352 1367 411; baseline 0.001 -1"><span class='ocrx_word' id='word_1_1' title='bbox 429 357 477 410; x_wconf 88' lang='lat' dir='ltr'><strong>IX.</strong></span> <span class='ocrx_word' id='word_1_2' title='bbox 497 354 732 410; x_wconf 80' lang='lat' dir='ltr'><strong>EPIMENIDEA</strong></span> <span class='ocrx_word' id='word_1_3' title='bbox 749 354 797 408; x_wconf 83' lang='lat' dir='ltr'><strong>ET</strong></span> <span class='ocrx_word' id='word_1_4' title='bbox 816 353 1086 409; x_wconf 79' lang='lat' dir='ltr'><strong>ARCHILOCHEA.</strong></span> <span class='ocrx_word' id='word_1_5' title='bbox 1306 352 1367 411; x_wconf 84' lang='lat'><strong>349</strong></span> 
     </span>
    </p>
   </div>
   <div class='ocr_carea' id='block_1_2' title="bbox 137 526 1370 2750">
    <p class='ocr_par' dir='ltr' id='par_1_2' title="bbox 137 526 1369 1832">
     <span class='ocr_line' id='line_1_2' title="bbox 141 526 1367 612; baseline -0.002 -18"><span class='ocrx_word' id='word_1_6' title='bbox 141 528 255 611; x_wconf 86' lang='lat' dir='ltr'><strong>potuit,</strong></span> <span class='ocrx_word' id='word_1_7' title='bbox 270 529 358 612; x_wconf 88' lang='lat' dir='ltr'><strong>quod</strong></span> <span class='ocrx_word' id='word_1_8' title='bbox 380 531 412 595; x_wconf 93' lang='lat' dir='ltr'><strong>in</strong></span> <span class='ocrx_word' id='word_1_9' title='bbox 427 529 501 595; x_wconf 85' lang='lat' dir='ltr'><strong>aliis</strong></span> <span class='ocrx_word' id='word_1_10' title='bbox 516 528 752 594; x_wconf 82' lang='lat' dir='ltr'><strong>narrationibus</strong></span> <span class='ocrx_word' id='word_1_11' title='bbox 767 527 902 593; x_wconf 76' lang='lat' dir='ltr'><strong>Creticis</strong></span> <span class='ocrx_word' id='word_1_12' title='bbox 925 547 964 593; x_wconf 92' lang='lat' dir='ltr'><strong>ne</strong></span> <span class='ocrx_word' id='word_1_13' title='bbox 982 526 1077 593; x_wconf 83' lang='lat' dir='ltr'><strong>Dicta</strong></span> <span class='ocrx_word' id='word_1_14' title='bbox 1091 527 1221 609; x_wconf 92' lang='lat' dir='ltr'><strong>quidem</strong></span> <span class='ocrx_word' id='word_1_15' title='bbox 1245 546 1265 590; x_wconf 87' lang='lat' dir='ltr'><strong>a</strong></span> <span class='ocrx_word' id='word_1_16' title='bbox 1281 526 1367 591; x_wconf 87' lang='lat' dir='ltr'><strong>Iovis</strong></span> 
     </span>
     <span class='ocr_line' id='line_1_3' title="bbox 139 627 1369 713; baseline -0.002 -19"><span class='ocrx_word' id='word_1_17' title='bbox 139 630 303 697; x_wconf 87' lang='lat' dir='ltr'><strong>natalibus</strong></span> <span class='ocrx_word' id='word_1_18' title='bbox 332 633 476 698; x_wconf 87' lang='lat' dir='ltr'><strong>seiuncta</strong></span> <span class='ocrx_word' id='word_1_19' title='bbox 503 630 617 706; x_wconf 77' lang='lat' dir='ltr'><strong>erat.¹²)</strong></span> <span class='ocrx_word' id='word_1_20' title='bbox 662 629 809 713; x_wconf 91' lang='lat' dir='ltr'><strong>Denique</strong></span> <span class='ocrx_word' id='word_1_21' title='bbox 833 629 988 712; x_wconf 89' lang='lat' dir='ltr'><strong>Dactylos</strong></span> <span class='ocrx_word' id='word_1_22' title='bbox 1013 629 1127 694; x_wconf 84' lang='lat' dir='ltr'><strong>idaeos</strong></span> <span class='ocrx_word' id='word_1_23' title='bbox 1151 627 1262 693; x_wconf 86' lang='lat' dir='ltr'><strong>Rheae</strong></span> <span class='ocrx_word' id='word_1_24' title='bbox 1285 627 1369 692; x_wconf 85' lang='lat' dir='ltr'><strong>dixit</strong></span> 
     </span>
     <span class='ocr_line' id='line_1_4' title="bbox 141 723 1369 816; baseline -0.002 -19"><span class='ocrx_word' id='word_1_25' title='bbox 141 732 313 799; x_wconf 74' lang='lat' dir='ltr'><strong>obstiteras</strong></span> <span class='ocrx_word' id='word_1_26' title='bbox 329 733 528 816; x_wconf 81' lang='lat' dir='ltr'><strong>Anonymus:</strong></span> <span class='ocrx_word' id='word_1_27' title='bbox 544 723 762 812; x_wconf 78' lang='grc' dir='ltr'><strong><em>περιστάντες</em></strong></span> <span class='ocrx_word' id='word_1_28' title='bbox 774 727 874 816; x_wconf 75' lang='grc' dir='ltr'><strong><em>αὐτὴν</em></strong></span> <span class='ocrx_word' id='word_1_29' title='bbox 891 726 1111 810; x_wconf 79' lang='grc' dir='ltr'><strong><em>ἕμαιιόσοντσ.</em></strong></span> <span class='ocrx_word' id='word_1_30' title='bbox 1139 730 1256 796; x_wconf 87' lang='lat' dir='ltr'><strong>Medici</strong></span> <span class='ocrx_word' id='word_1_31' title='bbox 1272 731 1369 813; x_wconf 83' lang='lat' dir='ltr'><strong>igitur</strong></span> 
     </span>
     <span class='ocr_line' id='line_1_5' title="bbox 140 831 1367 917; baseline 0.001 -19"><span class='ocrx_word' id='word_1_32' title='bbox 140 833 189 898; x_wconf 88' lang='lat' dir='ltr'><strong>dii</strong></span> <span class='ocrx_word' id='word_1_33' title='bbox 211 835 406 917; x_wconf 84' lang='lat' dir='ltr'><strong>putabantur</strong></span> <span class='ocrx_word' id='word_1_34' title='bbox 427 835 494 915; x_wconf 86' lang='lat' dir='ltr'><strong>illi;</strong></span> <span class='ocrx_word' id='word_1_35' title='bbox 523 843 556 900; x_wconf 90' lang='lat' dir='ltr'><strong>et</strong></span> <span class='ocrx_word' id='word_1_36' title='bbox 581 834 716 898; x_wconf 86' lang='lat' dir='ltr'><strong>innuunt</strong></span> <span class='ocrx_word' id='word_1_37' title='bbox 737 835 802 898; x_wconf 90' lang='lat' dir='ltr'><strong>tale</strong></span> <span class='ocrx_word' id='word_1_38' title='bbox 830 831 955 915; x_wconf 90' lang='lat' dir='ltr'><strong>aliquid</strong></span> <span class='ocrx_word' id='word_1_39' title='bbox 978 833 1075 897; x_wconf 88' lang='lat' dir='ltr'><strong>etiam</strong></span> <span class='ocrx_word' id='word_1_40' title='bbox 1097 833 1227 915; x_wconf 89' lang='lat' dir='ltr'><strong>propria</strong></span> <span class='ocrx_word' id='word_1_41' title='bbox 1251 833 1367 917; x_wconf 83' lang='lat' dir='ltr'><strong>Dacty-</strong></span> 
     </span>
     <span class='ocr_line' id='line_1_6' title="bbox 140 926 1367 1013; baseline 0.002 -14"><span class='ocrx_word' id='word_1_42' title='bbox 140 935 245 1000; x_wconf 90' lang='lat' dir='ltr'><strong>lornm</strong></span> <span class='ocrx_word' id='word_1_43' title='bbox 260 938 406 1002; x_wconf 85' lang='lat' dir='ltr'><strong>nomina:</strong></span> <span class='ocrx_word' id='word_1_44' title='bbox 430 935 584 1002; x_wconf 88' lang='lat' dir='ltr'><strong>Hercules</strong></span> <span class='ocrx_word' id='word_1_45' title='bbox 606 936 767 1010; x_wconf 87' lang='lat' dir='ltr'><strong>(nimirum</strong></span> <span class='ocrx_word' id='word_1_46' title='bbox 788 926 1004 1011; x_wconf 80' lang='grc' dir='ltr'><strong>Ἀλεξίκακος)</strong></span> <span class='ocrx_word' id='word_1_47' title='bbox 1015 934 1057 1012; x_wconf 80' lang='lat'><strong>¹³),</strong></span> <span class='ocrx_word' id='word_1_48' title='bbox 1084 932 1263 1013; x_wconf 78' lang='grc' dir='ltr'><strong>Παπίνιος,</strong></span> <span class='ocrx_word' id='word_1_49' title='bbox 1276 927 1367 1001; x_wconf 77' lang='lat' dir='ltr'><strong>&#39;Em-</strong></span> 
     </span>
     <span class='ocr_line' id='line_1_7' title="bbox 140 1028 1368 1123; baseline 0.004 -23"><span class='ocrx_word' id='word_1_50' title='bbox 140 1034 263 1123; x_wconf 70' lang='grc' dir='ltr'><strong><em>μήδης,</em></strong></span> <span class='ocrx_word' id='word_1_51' title='bbox 282 1028 418 1115; x_wconf 78' lang='grc' dir='ltr'><em>Ἰάσιος,</em></span> <span class='ocrx_word' id='word_1_52' title='bbox 440 1029 540 1113; x_wconf 80' lang='grc' dir='ltr'><strong><em>Ἴδας.</em></strong></span> <span class='ocrx_word' id='word_1_53' title='bbox 584 1037 725 1103; x_wconf 77' lang='lat' dir='ltr'><strong>Proinde</strong></span> <span class='ocrx_word' id='word_1_54' title='bbox 754 1037 972 1103; x_wconf 79' lang='lat' dir='ltr'><strong>obstetricium</strong></span> <span class='ocrx_word' id='word_1_55' title='bbox 995 1034 1205 1120; x_wconf 87' lang='lat' dir='ltr'><strong>Dactylorum</strong></span> <span class='ocrx_word' id='word_1_56' title='bbox 1229 1038 1368 1105; x_wconf 86' lang='lat' dir='ltr'><strong>officinm</strong></span> 
     </span>
     <span class='ocr_line' id='line_1_8' title="bbox 140 1137 1369 1222; baseline 0.005 -20"><span class='ocrx_word' id='word_1_57' title='bbox 140 1141 224 1204; x_wconf 89' lang='lat' dir='ltr'><strong>inter</strong></span> <span class='ocrx_word' id='word_1_58' title='bbox 247 1140 406 1221; x_wconf 84' lang='lat' dir='ltr'><strong>genuinas</strong></span> <span class='ocrx_word' id='word_1_59' title='bbox 427 1139 594 1222; x_wconf 80' lang='lat' dir='ltr'><strong>religionis</strong></span> <span class='ocrx_word' id='word_1_60' title='bbox 617 1137 763 1204; x_wconf 87' lang='lat' dir='ltr'><strong>Creticae</strong></span> <span class='ocrx_word' id='word_1_61' title='bbox 786 1139 924 1221; x_wconf 80' lang='lat' dir='ltr'><strong>vestigia</strong></span> <span class='ocrx_word' id='word_1_62' title='bbox 940 1157 1106 1205; x_wconf 87' lang='lat' dir='ltr'><strong>censemus</strong></span> <span class='ocrx_word' id='word_1_63' title='bbox 1128 1159 1189 1204; x_wconf 91' lang='lat' dir='ltr'><strong>nec</strong></span> <span class='ocrx_word' id='word_1_64' title='bbox 1211 1139 1369 1208; x_wconf 90' lang='lat' dir='ltr'><strong>demimus</strong></span> 
     </span>
     <span class='ocr_line' id='line_1_9' title="bbox 141 1240 1368 1324; baseline 0.004 -19"><span class='ocrx_word' id='word_1_65' title='bbox 141 1240 336 1324; x_wconf 83' lang='lat' dir='ltr'><strong>Epimenidi.</strong></span> <span class='ocrx_word' id='word_1_66' title='bbox 374 1243 422 1307; x_wconf 82' lang='lat' dir='ltr'><strong>Ac</strong></span> <span class='ocrx_word' id='word_1_67' title='bbox 443 1242 579 1307; x_wconf 81' lang='lat' dir='ltr'><strong>fortasse</strong></span> <span class='ocrx_word' id='word_1_68' title='bbox 602 1240 643 1307; x_wconf 90' lang='lat' dir='ltr'><strong>da</strong></span> <span class='ocrx_word' id='word_1_69' title='bbox 663 1240 872 1324; x_wconf 86' lang='lat' dir='ltr'><strong>Dactylorum</strong></span> <span class='ocrx_word' id='word_1_70' title='bbox 895 1247 1002 1322; x_wconf 80' lang='lat' dir='ltr'><strong>etymo</strong></span> <span class='ocrx_word' id='word_1_71' title='bbox 1025 1240 1086 1306; x_wconf 85' lang='lat' dir='ltr'><strong>bac</strong></span> <span class='ocrx_word' id='word_1_72' title='bbox 1108 1240 1224 1306; x_wconf 88' lang='lat' dir='ltr'><strong>eadem</strong></span> <span class='ocrx_word' id='word_1_73' title='bbox 1246 1245 1368 1310; x_wconf 91' lang='lat' dir='ltr'><strong>ratione</strong></span> 
     </span>
     <span class='ocr_line' id='line_1_10' title="bbox 140 1329 1369 1426; baseline 0.002 -18"><span class='ocrx_word' id='word_1_74' title='bbox 140 1341 350 1408; x_wconf 83' lang='lat' dir='ltr'><strong>edocebimur</strong></span> <span class='ocrx_word' id='word_1_75' title='bbox 371 1342 450 1426; x_wconf 92' lang='lat' dir='ltr'><strong>quid</strong></span> <span class='ocrx_word' id='word_1_76' title='bbox 480 1342 542 1409; x_wconf 91' lang='lat' dir='ltr'><strong>sibi</strong></span> <span class='ocrx_word' id='word_1_77' title='bbox 564 1343 653 1407; x_wconf 82' lang='lat' dir='ltr'><strong>velit.</strong></span> <span class='ocrx_word' id='word_1_78' title='bbox 699 1341 810 1420; x_wconf 79' lang='lat' dir='ltr'><strong>Quid?</strong></span> <span class='ocrx_word' id='word_1_79' title='bbox 832 1343 860 1408; x_wconf 93' lang='lat' dir='ltr'><strong>si</strong></span> <span class='ocrx_word' id='word_1_80' title='bbox 886 1339 1073 1424; x_wconf 80' lang='grc' dir='ltr'><strong><em>χειρογόνοι</em></strong></span> <span class='ocrx_word' id='word_1_81' title='bbox 1102 1329 1315 1410; x_wconf 78' lang='lat' dir='ltr'><strong>credebantur</strong></span> <span class='ocrx_word' id='word_1_82' title='bbox 1337 1355 1369 1413; x_wconf 87' lang='lat' dir='ltr'><strong>et</strong></span> 
     </span>
     <span class='ocr_line' id='line_1_11' title="bbox 140 1444 1368 1530; baseline 0.003 -21"><span class='ocrx_word' id='word_1_83' title='bbox 140 1444 253 1528; x_wconf 84' lang='lat' dir='ltr'><strong>digitis</strong></span> <span class='ocrx_word' id='word_1_84' title='bbox 285 1445 412 1528; x_wconf 88' lang='lat' dir='ltr'><strong>placide</strong></span> <span class='ocrx_word' id='word_1_85' title='bbox 446 1444 549 1509; x_wconf 84' lang='lat' dir='ltr'><strong>ventri</strong></span> <span class='ocrx_word' id='word_1_86' title='bbox 585 1444 735 1510; x_wconf 88' lang='lat' dir='ltr'><strong>immissis</strong></span> <span class='ocrx_word' id='word_1_87' title='bbox 769 1445 997 1519; x_wconf 84' lang='lat' dir='ltr'><strong>contrectando</strong></span> <span class='ocrx_word' id='word_1_88' title='bbox 1031 1444 1175 1527; x_wconf 86' lang='lat' dir='ltr'><strong>efficere,</strong></span> <span class='ocrx_word' id='word_1_89' title='bbox 1209 1452 1243 1510; x_wconf 88' lang='lat' dir='ltr'><strong>ut</strong></span> <span class='ocrx_word' id='word_1_90' title='bbox 1277 1467 1368 1530; x_wconf 87' lang='lat' dir='ltr'><strong>pare-</strong></span> 
     </span>
     <span class='ocr_line' id='line_1_12' title="bbox 140 1543 1369 1630; baseline 0.003 -19"><span class='ocrx_word' id='word_1_91' title='bbox 140 1552 213 1612; x_wconf 87' lang='lat' dir='ltr'><strong>rent</strong></span> <span class='ocrx_word' id='word_1_92' title='bbox 243 1544 480 1629; x_wconf 83' lang='lat' dir='ltr'><strong>parturientes?</strong></span> <span class='ocrx_word' id='word_1_93' title='bbox 517 1545 632 1612; x_wconf 78' lang='lat' dir='ltr'><strong>Essent</strong></span> <span class='ocrx_word' id='word_1_94' title='bbox 664 1546 762 1628; x_wconf 86' lang='lat' dir='ltr'><strong>igitur</strong></span> <span class='ocrx_word' id='word_1_95' title='bbox 793 1543 962 1609; x_wconf 81' lang='grc' dir='ltr'><em>Δάκτυλοι</em></span> <span class='ocrx_word' id='word_1_96' title='bbox 984 1575 1026 1598; x_wconf 83' lang='lat'><strong>==</strong></span> <span class='ocrx_word' id='word_1_97' title='bbox 1048 1545 1311 1630; x_wconf 78' lang='grc' dir='ltr'><strong>Λακτολογόνοι,</strong></span> <span class='ocrx_word' id='word_1_98' title='bbox 1334 1558 1369 1615; x_wconf 91' lang='lat' dir='ltr'><strong>ut</strong></span> 
     </span>
     <span class='ocr_line' id='line_1_13' title="bbox 137 1640 1368 1735; baseline 0.003 -23"><span class='ocrx_word' id='word_1_99' title='bbox 137 1644 310 1735; x_wconf 76' lang='grc' dir='ltr'><strong>Κούρητες</strong></span> <span class='ocrx_word' id='word_1_100' title='bbox 331 1676 373 1698; x_wconf 93' lang='lat'>=</span> <span class='ocrx_word' id='word_1_101' title='bbox 393 1643 629 1732; x_wconf 86' lang='grc' dir='ltr'><strong>Κουροτρόφοι</strong></span> <span class='ocrx_word' id='word_1_102' title='bbox 653 1640 672 1725; x_wconf 75' lang='lat'><strong>(‘</strong></span> <span class='ocrx_word' id='word_1_103' title='bbox 681 1648 727 1712; x_wconf 91' lang='lat' dir='ltr'><strong>De</strong></span> <span class='ocrx_word' id='word_1_104' title='bbox 750 1646 904 1730; x_wconf 82' lang='lat' dir='ltr'><strong>Aeschyli</strong></span> <span class='ocrx_word' id='word_1_105' title='bbox 927 1640 1147 1731; x_wconf 85' lang='lat' dir='ltr'><strong>Supplicibus’</strong></span> <span class='ocrx_word' id='word_1_106' title='bbox 1174 1671 1204 1734; x_wconf 87' lang='lat' dir='ltr'><strong>p.</strong></span> <span class='ocrx_word' id='word_1_107' title='bbox 1221 1652 1368 1734; x_wconf 86' lang='lat' dir='ltr'><strong>lIIsqq.).</strong></span> 
     </span>
     <span class='ocr_line' id='line_1_14' title="bbox 141 1748 790 1832; baseline -0.005 -16"><span class='ocrx_word' id='word_1_108' title='bbox 141 1750 333 1817; x_wconf 81' lang='lat' dir='ltr'><strong>Coniectura</strong></span> <span class='ocrx_word' id='word_1_109' title='bbox 355 1749 437 1816; x_wconf 88' lang='lat' dir='ltr'><strong>baec</strong></span> <span class='ocrx_word' id='word_1_110' title='bbox 458 1756 516 1831; x_wconf 89' lang='lat' dir='ltr'><strong>est,</strong></span> <span class='ocrx_word' id='word_1_111' title='bbox 538 1748 619 1814; x_wconf 91' lang='lat' dir='ltr'><strong>nibil</strong></span> <span class='ocrx_word' id='word_1_112' title='bbox 641 1751 790 1832; x_wconf 88' lang='lat' dir='ltr'><strong>amplius.</strong></span> 
     </span>
    </p>

    <p class='ocr_par' dir='ltr' id='par_1_3' title="bbox 140 1851 1370 2750">
     <span class='ocr_line' id='line_1_15' title="bbox 227 1851 1369 1937; baseline 0.002 -19"><span class='ocrx_word' id='word_1_113' title='bbox 227 1851 472 1937; x_wconf 76' lang='lat' dir='ltr'><strong>composuimus</strong></span> <span class='ocrx_word' id='word_1_114' title='bbox 487 1851 698 1934; x_wconf 79' lang='lat' dir='ltr'><strong>Epimenides</strong></span> <span class='ocrx_word' id='word_1_115' title='bbox 710 1870 793 1934; x_wconf 88' lang='lat' dir='ltr'><strong>quae</strong></span> <span class='ocrx_word' id='word_1_116' title='bbox 816 1853 848 1915; x_wconf 90' lang='lat' dir='ltr'><strong>in</strong></span> <span class='ocrx_word' id='word_1_117' title='bbox 865 1853 1033 1934; x_wconf 84' lang='lat' dir='ltr'><strong>Anonymo</strong></span> <span class='ocrx_word' id='word_1_118' title='bbox 1049 1854 1261 1919; x_wconf 88' lang='lat' dir='ltr'><strong>Ambrosiano</strong></span> <span class='ocrx_word' id='word_1_119' title='bbox 1276 1855 1369 1921; x_wconf 93' lang='lat' dir='ltr'><strong>nobis</strong></span> 
     </span>
     <span class='ocr_line' id='line_1_16' title="bbox 140 1952 1368 2036; baseline 0 -17"><span class='ocrx_word' id='word_1_120' title='bbox 140 1955 247 2022; x_wconf 90' lang='lat' dir='ltr'><strong>inesse</strong></span> <span class='ocrx_word' id='word_1_121' title='bbox 263 1954 448 2020; x_wconf 87' lang='lat' dir='ltr'><strong>viderentur</strong></span> <span class='ocrx_word' id='word_1_122' title='bbox 469 1953 637 2020; x_wconf 85' lang='lat' dir='ltr'><strong>elementa.</strong></span> <span class='ocrx_word' id='word_1_123' title='bbox 675 1955 704 2018; x_wconf 83' lang='lat' dir='ltr'>A</span> <span class='ocrx_word' id='word_1_124' title='bbox 727 1972 790 2036; x_wconf 90' lang='lat' dir='ltr'><strong>quo</strong></span> <span class='ocrx_word' id='word_1_125' title='bbox 813 1952 900 2034; x_wconf 92' lang='lat' dir='ltr'><strong>quod</strong></span> <span class='ocrx_word' id='word_1_126' title='bbox 922 1954 1063 2019; x_wconf 87' lang='lat' dir='ltr'><strong>alienum</strong></span> <span class='ocrx_word' id='word_1_127' title='bbox 1086 1955 1137 2036; x_wconf 74' lang='lat' dir='ltr'><strong>sit,</strong></span> <span class='ocrx_word' id='word_1_128' title='bbox 1159 1956 1252 2021; x_wconf 92' lang='lat' dir='ltr'><strong>nobis</strong></span> <span class='ocrx_word' id='word_1_129' title='bbox 1275 1955 1368 2021; x_wconf 92' lang='lat' dir='ltr'><strong>nihil·</strong></span> 
     </span>
     <span class='ocr_line' id='line_1_17' title="bbox 140 2055 1368 2142; baseline 0.002 -20"><span class='ocrx_word' id='word_1_130' title='bbox 140 2055 219 2122; x_wconf 91' lang='lat' dir='ltr'><strong>dum</strong></span> <span class='ocrx_word' id='word_1_131' title='bbox 241 2075 312 2122; x_wconf 88' lang='lat' dir='ltr'><strong>sese</strong></span> <span class='ocrx_word' id='word_1_132' title='bbox 341 2056 465 2121; x_wconf 88' lang='lat' dir='ltr'><strong>obtulit.</strong></span> <span class='ocrx_word' id='word_1_133' title='bbox 509 2055 577 2120; x_wconf 88' lang='lat' dir='ltr'><strong>Iam</strong></span> <span class='ocrx_word' id='word_1_134' title='bbox 606 2056 761 2123; x_wconf 84' lang='lat' dir='ltr'><strong>faciamus</strong></span> <span class='ocrx_word' id='word_1_135' title='bbox 783 2055 960 2138; x_wconf 90' lang='lat' dir='ltr'><strong>periculum</strong></span> <span class='ocrx_word' id='word_1_136' title='bbox 988 2075 1064 2120; x_wconf 93' lang='lat' dir='ltr'><strong>num</strong></span> <span class='ocrx_word' id='word_1_137' title='bbox 1086 2058 1164 2123; x_wconf 90' lang='lat' dir='ltr'><strong>satis</strong></span> <span class='ocrx_word' id='word_1_138' title='bbox 1186 2066 1254 2124; x_wconf 84' lang='lat' dir='ltr'><strong>tuto</strong></span> <span class='ocrx_word' id='word_1_139' title='bbox 1275 2078 1368 2142; x_wconf 87' lang='lat' dir='ltr'><strong>argn-</strong></span> 
     </span>
     <span class='ocr_line' id='line_1_18' title="bbox 140 2156 1369 2242; baseline 0.002 -19"><span class='ocrx_word' id='word_1_140' title='bbox 140 2159 274 2224; x_wconf 89' lang='lat' dir='ltr'><strong>mentati</strong></span> <span class='ocrx_word' id='word_1_141' title='bbox 296 2159 405 2241; x_wconf 86' lang='lat' dir='ltr'><strong>simus,</strong></span> <span class='ocrx_word' id='word_1_142' title='bbox 428 2164 461 2223; x_wconf 89' lang='lat' dir='ltr'><strong>et</strong></span> <span class='ocrx_word' id='word_1_143' title='bbox 484 2157 849 2224; x_wconf 82' lang='lat' dir='ltr'><strong>Pseudoeratosthenem</strong></span> <span class='ocrx_word' id='word_1_144' title='bbox 871 2165 904 2223; x_wconf 90' lang='lat' dir='ltr'><strong>et</strong></span> <span class='ocrx_word' id='word_1_145' title='bbox 927 2156 1115 2240; x_wconf 87' lang='lat' dir='ltr'><strong>Diodorum,</strong></span> <span class='ocrx_word' id='word_1_146' title='bbox 1138 2162 1193 2242; x_wconf 90' lang='lat' dir='ltr'><strong>qui</strong></span> <span class='ocrx_word' id='word_1_147' title='bbox 1217 2162 1369 2227; x_wconf 89' lang='lat' dir='ltr'><strong>nonnulla</strong></span> 
     </span>
     <span class='ocr_line' id='line_1_19' title="bbox 141 2259 1370 2344; baseline 0.004 -20"><span class='ocrx_word' id='word_1_148' title='bbox 141 2259 262 2326; x_wconf 87' lang='lat' dir='ltr'><strong>babent</strong></span> <span class='ocrx_word' id='word_1_149' title='bbox 284 2279 325 2326; x_wconf 85' lang='lat' dir='ltr'><strong>ex</strong></span> <span class='ocrx_word' id='word_1_150' title='bbox 348 2259 463 2326; x_wconf 91' lang='lat' dir='ltr'><strong>eodem</strong></span> <span class='ocrx_word' id='word_1_151' title='bbox 480 2259 679 2343; x_wconf 80' lang='lat' dir='ltr'><strong>Epimenide,</strong></span> <span class='ocrx_word' id='word_1_152' title='bbox 702 2260 745 2326; x_wconf 90' lang='lat' dir='ltr'><strong>ad</strong></span> <span class='ocrx_word' id='word_1_153' title='bbox 766 2260 971 2344; x_wconf 87' lang='lat' dir='ltr'><strong>Anonymum</strong></span> <span class='ocrx_word' id='word_1_154' title='bbox 995 2261 1173 2343; x_wconf 84' lang='lat' dir='ltr'><strong>exigamus.</strong></span> <span class='ocrx_word' id='word_1_155' title='bbox 1219 2261 1313 2340; x_wconf 79' lang='lat' dir='ltr'><strong>Quod</strong></span> <span class='ocrx_word' id='word_1_156' title='bbox 1335 2274 1370 2329; x_wconf 92' lang='lat' dir='ltr'><strong>ut</strong></span> 
     </span>
     <span class='ocr_line' id='line_1_20' title="bbox 140 2361 1369 2450; baseline 0.003 -23"><span class='ocrx_word' id='word_1_157' title='bbox 140 2362 223 2427; x_wconf 89' lang='lat' dir='ltr'><strong>bene</strong></span> <span class='ocrx_word' id='word_1_158' title='bbox 246 2361 351 2444; x_wconf 84' lang='lat' dir='ltr'><strong>cudat,</strong></span> <span class='ocrx_word' id='word_1_159' title='bbox 373 2382 431 2446; x_wconf 91' lang='lat' dir='ltr'><strong>pro</strong></span> <span class='ocrx_word' id='word_1_160' title='bbox 456 2362 623 2445; x_wconf 86' lang='lat' dir='ltr'><strong>explorato</strong></span> <span class='ocrx_word' id='word_1_161' title='bbox 646 2361 818 2427; x_wconf 84' lang='lat' dir='ltr'><strong>tenendum</strong></span> <span class='ocrx_word' id='word_1_162' title='bbox 843 2368 902 2442; x_wconf 85' lang='lat' dir='ltr'><strong>est,</strong></span> <span class='ocrx_word' id='word_1_163' title='bbox 926 2362 1091 2428; x_wconf 90' lang='lat' dir='ltr'><strong>Diodorea</strong></span> <span class='ocrx_word' id='word_1_164' title='bbox 1113 2364 1186 2429; x_wconf 89' lang='lat' dir='ltr'><strong>libri</strong></span> <span class='ocrx_word' id='word_1_165' title='bbox 1211 2365 1239 2429; x_wconf 96' lang='lat' dir='ltr'>V</span> <span class='ocrx_word' id='word_1_166' title='bbox 1262 2366 1369 2450; x_wconf 89' lang='lat' dir='ltr'><strong>capita</strong></span> 
     </span>
     <span class='ocr_line' id='line_1_21' title="bbox 142 2463 1370 2550; baseline 0.006 -24"><span class='ocrx_word' id='word_1_167' title='bbox 142 2467 182 2528; x_wconf 87' lang='lat'><strong>70</strong></span> <span class='ocrx_word' id='word_1_168' title='bbox 205 2470 238 2529; x_wconf 88' lang='lat' dir='ltr'><strong>et</strong></span> <span class='ocrx_word' id='word_1_169' title='bbox 260 2467 297 2527; x_wconf 83' lang='lat'><strong>71</strong></span> <span class='ocrx_word' id='word_1_170' title='bbox 323 2483 341 2528; x_wconf 87' lang='lat' dir='ltr'><strong>a</strong></span> <span class='ocrx_word' id='word_1_171' title='bbox 364 2463 489 2530; x_wconf 91' lang='lat' dir='ltr'><strong>duobus</strong></span> <span class='ocrx_word' id='word_1_172' title='bbox 518 2464 627 2545; x_wconf 87' lang='lat' dir='ltr'><strong>utique</strong></span> <span class='ocrx_word' id='word_1_173' title='bbox 651 2464 859 2547; x_wconf 88' lang='lat' dir='ltr'><strong>scriptoribus</strong></span> <span class='ocrx_word' id='word_1_174' title='bbox 882 2465 1100 2530; x_wconf 84' lang='lat' dir='ltr'><strong>contaminata</strong></span> <span class='ocrx_word' id='word_1_175' title='bbox 1122 2485 1210 2550; x_wconf 90' lang='lat' dir='ltr'><strong>esse,</strong></span> <span class='ocrx_word' id='word_1_176' title='bbox 1235 2486 1370 2549; x_wconf 88' lang='lat' dir='ltr'><strong>quorum</strong></span> 
     </span>
     <span class='ocr_line' id='line_1_22' title="bbox 140 2563 1368 2652; baseline 0.004 -23"><span class='ocrx_word' id='word_1_177' title='bbox 140 2565 223 2630; x_wconf 84' lang='lat' dir='ltr'><strong>alter</strong></span> <span class='ocrx_word' id='word_1_178' title='bbox 249 2563 293 2630; x_wconf 90' lang='lat' dir='ltr'><strong>ad</strong></span> <span class='ocrx_word' id='word_1_179' title='bbox 316 2563 507 2631; x_wconf 89' lang='lat' dir='ltr'><strong>Callimachi</strong></span> <span class='ocrx_word' id='word_1_180' title='bbox 538 2564 690 2649; x_wconf 92' lang='lat' dir='ltr'><strong>hymnum</strong></span> <span class='ocrx_word' id='word_1_181' title='bbox 719 2568 873 2650; x_wconf 87' lang='lat' dir='ltr'><strong>primum,</strong></span> <span class='ocrx_word' id='word_1_182' title='bbox 904 2568 987 2632; x_wconf 91' lang='lat' dir='ltr'><strong>alter</strong></span> <span class='ocrx_word' id='word_1_183' title='bbox 1017 2569 1164 2650; x_wconf 85' lang='lat' dir='ltr'><strong>proxime</strong></span> <span class='ocrx_word' id='word_1_184' title='bbox 1193 2568 1235 2634; x_wconf 97' lang='lat' dir='ltr'><strong>ad</strong></span> <span class='ocrx_word' id='word_1_185' title='bbox 1264 2570 1368 2652; x_wconf 91' lang='lat' dir='ltr'><strong>ipsum</strong></span> 
     </span>
     <span class='ocr_line' id='line_1_23' title="bbox 143 2666 1061 2750; baseline 0.001 -17"><span class='ocrx_word' id='word_1_186' title='bbox 143 2666 280 2733; x_wconf 88' lang='lat' dir='ltr'><strong>accedat</strong></span> <span class='ocrx_word' id='word_1_187' title='bbox 300 2667 512 2750; x_wconf 82' lang='lat' dir='ltr'><strong>Anonymum.</strong></span> <span class='ocrx_word' id='word_1_188' title='bbox 557 2668 605 2731; x_wconf 83' lang='lat' dir='ltr'><strong>En</strong></span> <span class='ocrx_word' id='word_1_189' title='bbox 628 2667 846 2735; x_wconf 84' lang='lat' dir='ltr'><strong>Callimachus</strong></span> <span class='ocrx_word' id='word_1_190' title='bbox 871 2688 900 2734; x_wconf 92' lang='lat' dir='ltr'><strong>v.</strong></span> <span class='ocrx_word' id='word_1_191' title='bbox 919 2673 1061 2734; x_wconf 85' lang='lat'>57-67:</span> 
     </span>
    </p>
   </div>
   <div class='ocr_carea' id='block_1_3' title="bbox 138 2779 1368 4116">
    <p class='ocr_par' dir='ltr' id='par_1_4' title="bbox 243 2779 1198 2976">
     <span class='ocr_line' id='line_1_24' title="bbox 312 2779 1198 2872; baseline 0.006 -25"><span class='ocrx_word' id='word_1_192' title='bbox 312 2779 386 2848; x_wconf 82' lang='grc' dir='ltr'><em>ἀλλ’</em></span> <span class='ocrx_word' id='word_1_193' title='bbox 413 2784 462 2849; x_wconf 80' lang='grc' dir='ltr'><strong><em>ἐ’τι</em></strong></span> <span class='ocrx_word' id='word_1_194' title='bbox 484 2781 629 2859; x_wconf 78' lang='grc' dir='ltr'><strong><em>παιδνὸς</em></strong></span> <span class='ocrx_word' id='word_1_195' title='bbox 652 2782 715 2850; x_wconf 75' lang='grc' dir='ltr'><strong>ἐών</strong></span> <span class='ocrx_word' id='word_1_196' title='bbox 738 2784 912 2872; x_wconf 76' lang='grc' dir='ltr'><strong><em>ἐφράσσαο</em></strong></span> <span class='ocrx_word' id='word_1_197' title='bbox 936 2785 1049 2852; x_wconf 87' lang='grc' dir='ltr'><strong><em>πάντα</em></strong></span> <span class='ocrx_word' id='word_1_198' title='bbox 1070 2788 1198 2852; x_wconf 83' lang='grc' dir='ltr'><strong><em>τέλεια·</em></strong></span> 
     </span>
     <span class='ocr_line' id='line_1_25' title="bbox 243 2888 1155 2976; baseline 0.002 -23"><span class='ocrx_word' id='word_1_199' title='bbox 243 2944 249 2953; x_wconf 87' lang='grc'>.</span> <span class='ocrx_word' id='word_1_200' title='bbox 312 2888 359 2970; x_wconf 73' lang='grc' dir='ltr'><strong>τη]</strong></span> <span class='ocrx_word' id='word_1_201' title='bbox 382 2910 435 2951; x_wconf 86' lang='grc' dir='ltr'><strong>τοι</strong></span> <span class='ocrx_word' id='word_1_202' title='bbox 458 2888 512 2950; x_wconf 81' lang='grc' dir='ltr'><strong>καὶ</strong></span> <span class='ocrx_word' id='word_1_203' title='bbox 535 2890 657 2970; x_wconf 79' lang='grc' dir='ltr'><em>γνωτοὶ</em></span> <span class='ocrx_word' id='word_1_204' title='bbox 680 2894 934 2976; x_wconf 81' lang='grc' dir='ltr'><strong>προτερηγενέες</strong></span> <span class='ocrx_word' id='word_1_205' title='bbox 958 2914 1022 2971; x_wconf 85' lang='grc' dir='ltr'><strong>περ</strong></span> <span class='ocrx_word' id='word_1_206' title='bbox 1046 2889 1155 2967; x_wconf 78' lang='grc' dir='ltr'><strong><em>ἐόντες</em></strong></span> 
     </span>
    </p>

    <p class='ocr_par' dir='ltr' id='par_1_5' title="bbox 312 2981 1162 3078">
     <span class='ocr_line' id='line_1_26' title="bbox 312 2981 1162 3078; baseline 0.005 -26"><span class='ocrx_word' id='word_1_207' title='bbox 312 2981 453 3071; x_wconf 74' lang='grc' dir='ltr'><strong><em>οὗρανδν</em></strong></span> <span class='ocrx_word' id='word_1_208' title='bbox 476 2981 533 3053; x_wconf 76' lang='grc' dir='ltr'><strong>οὐκ</strong></span> <span class='ocrx_word' id='word_1_209' title='bbox 556 2986 716 3078; x_wconf 78' lang='grc' dir='ltr'><strong>ἒμέγηραν</strong></span> <span class='ocrx_word' id='word_1_210' title='bbox 739 2990 823 3073; x_wconf 70' lang='grc' dir='ltr'><strong><em>ἔχειν</em></strong></span> <span class='ocrx_word' id='word_1_211' title='bbox 847 2989 1040 3056; x_wconf 78' lang='grc' dir='ltr'><strong><em>ἐπιδαίσιον</em></strong></span> <span class='ocrx_word' id='word_1_212' title='bbox 1063 2989 1162 3057; x_wconf 80' lang='grc' dir='ltr'><em>οἶκον.</em></span> 
     </span>
    </p>

    <p class='ocr_par' dir='ltr' id='par_1_6' title="bbox 311 3078 1156 3178">
     <span class='ocr_line' id='line_1_27' title="bbox 311 3078 1156 3178; baseline 0.006 -24"><span class='ocrx_word' id='word_1_213' title='bbox 311 3088 442 3177; x_wconf 79' lang='grc' dir='ltr'><em>δηναιοὶ</em></span> <span class='ocrx_word' id='word_1_214' title='bbox 466 3084 498 3154; x_wconf 80' lang='grc' dir='ltr'><strong>δ’</strong></span> <span class='ocrx_word' id='word_1_215' title='bbox 524 3084 562 3156; x_wconf 80' lang='grc' dir='ltr'><strong>οὗ</strong></span> <span class='ocrx_word' id='word_1_216' title='bbox 585 3091 732 3175; x_wconf 83' lang='grc' dir='ltr'><strong>πάμπαν</strong></span> <span class='ocrx_word' id='word_1_217' title='bbox 755 3086 898 3178; x_wconf 77' lang='grc' dir='ltr'><em>ἀληθέες</em></span> <span class='ocrx_word' id='word_1_218' title='bbox 920 3078 1005 3178; x_wconf 74' lang='grc' dir='ltr'><strong><em>ἦσαν</em></strong></span> <span class='ocrx_word' id='word_1_219' title='bbox 1028 3088 1156 3159; x_wconf 86' lang='grc' dir='ltr'><strong>άοιδοί·</strong></span> 
     </span>
    </p>

    <p class='ocr_par' dir='ltr' id='par_1_7' title="bbox 313 3190 1249 3281">
     <span class='ocr_line' id='line_1_28' title="bbox 313 3190 1249 3281; baseline 0.004 -25"><span class='ocrx_word' id='word_1_220' title='bbox 313 3190 420 3279; x_wconf 79' lang='grc' dir='ltr'><strong><em>φάντο</em></strong></span> <span class='ocrx_word' id='word_1_221' title='bbox 444 3193 554 3258; x_wconf 85' lang='grc' dir='ltr'><em>πάλον</em></span> <span class='ocrx_word' id='word_1_222' title='bbox 576 3196 760 3281; x_wconf 83' lang='grc' dir='ltr'><strong><em>Κρονίδησι</em></strong></span> <span class='ocrx_word' id='word_1_223' title='bbox 784 3194 937 3277; x_wconf 79' lang='grc' dir='ltr'><strong><em>διάτριχα</em></strong></span> <span class='ocrx_word' id='word_1_224' title='bbox 961 3194 1099 3277; x_wconf 85' lang='grc' dir='ltr'><strong><em>δώματα</em></strong></span> <span class='ocrx_word' id='word_1_225' title='bbox 1123 3208 1249 3276; x_wconf 85' lang='grc' dir='ltr'><strong><em>νεῖμαι·</em></strong></span> 
     </span>
    </p>

    <p class='ocr_par' dir='ltr' id='par_1_8' title="bbox 310 3288 1318 3384">
     <span class='ocr_line' id='line_1_29' title="bbox 310 3288 1318 3384; baseline 0.006 -27"><span class='ocrx_word' id='word_1_226' title='bbox 310 3299 362 3370; x_wconf 83' lang='grc' dir='ltr'><strong>τίς</strong></span> <span class='ocrx_word' id='word_1_227' title='bbox 384 3295 421 3359; x_wconf 82' lang='grc' dir='ltr'><strong>δέ</strong></span> <span class='ocrx_word' id='word_1_228' title='bbox 441 3288 472 3359; x_wconf 76' lang='grc' dir='ltr'><strong>κ’</strong></span> <span class='ocrx_word' id='word_1_229' title='bbox 500 3290 558 3361; x_wconf 57' lang='grc' dir='ltr'><strong>ἐπ)</strong></span> <span class='ocrx_word' id='word_1_230' title='bbox 589 3290 760 3382; x_wconf 78' lang='grc' dir='ltr'><em>Οὐλύμπῳ</em></span> <span class='ocrx_word' id='word_1_231' title='bbox 783 3299 896 3361; x_wconf 83' lang='grc' dir='ltr'><strong><em>τεκαὶ</em></strong></span> <span class='ocrx_word' id='word_1_232' title='bbox 919 3292 1007 3363; x_wconf 76' lang='grc' dir='ltr'><strong><em>Ἄιδι</em></strong></span> <span class='ocrx_word' id='word_1_233' title='bbox 1030 3298 1150 3384; x_wconf 80' lang='grc' dir='ltr'><em>κλῆρον</em></span> <span class='ocrx_word' id='word_1_234' title='bbox 1173 3289 1318 3379; x_wconf 80' lang='grc' dir='ltr'><strong><em>ἒράσσαι,</em></strong></span> 
     </span>
    </p>

    <p class='ocr_par' dir='ltr' id='par_1_9' title="bbox 312 3393 1111 3485">
     <span class='ocr_line' id='line_1_30' title="bbox 312 3393 1111 3485; baseline 0.003 -23"><span class='ocrx_word' id='word_1_235' title='bbox 312 3394 349 3472; x_wconf 81' lang='grc' dir='ltr'><strong>ὃς</strong></span> <span class='ocrx_word' id='word_1_236' title='bbox 370 3395 462 3478; x_wconf 83' lang='grc' dir='ltr'><strong>μάλα</strong></span> <span class='ocrx_word' id='word_1_237' title='bbox 483 3394 527 3480; x_wconf 76' lang='grc' dir='ltr'><strong>μὴ</strong></span> <span class='ocrx_word' id='word_1_238' title='bbox 552 3399 717 3485; x_wconf 85' lang='grc' dir='ltr'><strong>νενίηλος,·</strong></span> <span class='ocrx_word' id='word_1_239' title='bbox 740 3393 796 3464; x_wconf 77' lang='grc' dir='ltr'><strong>ἐπ’</strong></span> <span class='ocrx_word' id='word_1_240' title='bbox 824 3398 916 3485; x_wconf 82' lang='grc' dir='ltr'><em>ἰοοίη</em></span> <span class='ocrx_word' id='word_1_241' title='bbox 939 3397 1001 3483; x_wconf 80' lang='grc' dir='ltr'><strong>γὰρ</strong></span> <span class='ocrx_word' id='word_1_242' title='bbox 1025 3398 1111 3465; x_wconf 75' lang='grc' dir='ltr'><strong><em>ἔοικε</em></strong></span> 
     </span>
    </p>

    <p class='ocr_par' dir='ltr' id='par_1_10' title="bbox 312 3493 1304 3587">
     <span class='ocr_line' id='line_1_31' title="bbox 312 3493 1304 3587; baseline 0.005 -24"><span class='ocrx_word' id='word_1_243' title='bbox 312 3496 507 3587; x_wconf 75' lang='grc' dir='ltr'><strong><em>πήλασθαι·</em></strong></span> <span class='ocrx_word' id='word_1_244' title='bbox 531 3499 572 3563; x_wconf 84' lang='grc' dir='ltr'><strong>τὰ</strong></span> <span class='ocrx_word' id='word_1_245' title='bbox 597 3500 632 3566; x_wconf 80' lang='grc' dir='ltr'><strong>δὲ</strong></span> <span class='ocrx_word' id='word_1_246' title='bbox 654 3500 777 3566; x_wconf 85' lang='grc' dir='ltr'><strong><em>τόσσον</em></strong></span> <span class='ocrx_word' id='word_1_247' title='bbox 799 3493 880 3567; x_wconf 71' lang='grc' dir='ltr'><strong>ὅσον</strong></span> <span class='ocrx_word' id='word_1_248' title='bbox 903 3500 959 3566; x_wconf 85' lang='grc' dir='ltr'><strong><em>διὰ</em></strong></span> <span class='ocrx_word' id='word_1_249' title='bbox 984 3503 1143 3568; x_wconf 85' lang='grc' dir='ltr'><strong>πλεῖστον</strong></span> <span class='ocrx_word' id='word_1_250' title='bbox 1166 3503 1304 3583; x_wconf 76' lang='grc' dir='ltr'><strong><em>ἔχουσιν.</em></strong></span> 
     </span>
    </p>

    <p class='ocr_par' dir='ltr' id='par_1_11' title="bbox 312 3594 1148 3691">
     <span class='ocr_line' id='line_1_32' title="bbox 312 3594 1148 3691; baseline 0.004 -25"><span class='ocrx_word' id='word_1_251' title='bbox 312 3599 506 3688; x_wconf 74' lang='grc' dir='ltr'><strong>ψευδοίμην,</strong></span> <span class='ocrx_word' id='word_1_252' title='bbox 531 3594 664 3679; x_wconf 85' lang='grc' dir='ltr'><strong>άίοντος</strong></span> <span class='ocrx_word' id='word_1_253' title='bbox 687 3595 709 3667; x_wconf 76' lang='grc' dir='ltr'><strong><em>ά</em></strong></span> <span class='ocrx_word' id='word_1_254' title='bbox 730 3627 784 3669; x_wconf 85' lang='grc' dir='ltr'><strong>κεν</strong></span> <span class='ocrx_word' id='word_1_255' title='bbox 807 3608 994 3670; x_wconf 76' lang='grc' dir='ltr'><em>πεπίθοιεν</em></span> <span class='ocrx_word' id='word_1_256' title='bbox 1018 3597 1148 3691; x_wconf 77' lang='grc' dir='ltr'><em>ἀκουήν.</em></span> 
     </span>
    </p>

    <p class='ocr_par' dir='ltr' id='par_1_12' title="bbox 138 3700 1368 4116">
     <span class='ocr_line' id='line_1_33' title="bbox 311 3700 1252 3791; baseline 0.004 -23"><span class='ocrx_word' id='word_1_257' title='bbox 311 3700 349 3768; x_wconf 73' lang='grc' dir='ltr'><strong>οὗ</strong></span> <span class='ocrx_word' id='word_1_258' title='bbox 373 3725 410 3768; x_wconf 92' lang='grc' dir='ltr'><strong>σε</strong></span> <span class='ocrx_word' id='word_1_259' title='bbox 432 3705 523 3767; x_wconf 72' lang='grc' dir='ltr'><strong><em>θεῶν</em></strong></span> <span class='ocrx_word' id='word_1_260' title='bbox 547 3701 669 3789; x_wconf 75' lang='grc' dir='ltr'><strong><em>ε’σσηνα</em></strong></span> <span class='ocrx_word' id='word_1_261' title='bbox 693 3704 798 3770; x_wconf 86' lang='grc' dir='ltr'><strong>πάλοι</strong></span> <span class='ocrx_word' id='word_1_262' title='bbox 821 3710 939 3784; x_wconf 76' lang='grc' dir='ltr'><strong><em>θέσαν,</em></strong></span> <span class='ocrx_word' id='word_1_263' title='bbox 965 3705 1044 3790; x_wconf 76' lang='grc' dir='ltr'><strong><em>ἔργα</em></strong></span> <span class='ocrx_word' id='word_1_264' title='bbox 1067 3706 1102 3771; x_wconf 81' lang='grc' dir='ltr'><strong>δὲ</strong></span> <span class='ocrx_word' id='word_1_265' title='bbox 1123 3709 1252 3791; x_wconf 70' lang='grc' dir='ltr'><strong><em>χειροῖν,</em></strong></span> 
     </span>
     <span class='ocr_line' id='line_1_34' title="bbox 157 3803 1288 3896; baseline 0.004 -27"><span class='ocrx_word' id='word_1_266' title='bbox 157 3884 159 3889; x_wconf 20' lang='grc' dir='ltr'>Ι</span> <span class='ocrx_word' id='word_1_267' title='bbox 310 3803 350 3891; x_wconf 63' lang='lat' dir='ltr'><strong>ori</strong></span> <span class='ocrx_word' id='word_1_268' title='bbox 374 3829 410 3871; x_wconf 87' lang='grc' dir='ltr'><strong>τε</strong></span> <span class='ocrx_word' id='word_1_269' title='bbox 430 3811 487 3892; x_wconf 78' lang='grc' dir='ltr'><strong>βίη</strong></span> <span class='ocrx_word' id='word_1_270' title='bbox 512 3804 549 3871; x_wconf 89' lang='grc' dir='ltr'><strong>τό</strong></span> <span class='ocrx_word' id='word_1_271' title='bbox 574 3830 610 3870; x_wconf 89' lang='grc' dir='ltr'><strong>τε</strong></span> <span class='ocrx_word' id='word_1_272' title='bbox 632 3805 764 3888; x_wconf 79' lang='grc' dir='ltr'><strong><em>κάρτος,</em></strong></span> <span class='ocrx_word' id='word_1_273' title='bbox 787 3804 805 3873; x_wconf 82' lang='grc' dir='ltr'><em>ὃ</em></span> <span class='ocrx_word' id='word_1_274' title='bbox 829 3811 885 3872; x_wconf 86' lang='grc' dir='ltr'><strong>καὶ</strong></span> <span class='ocrx_word' id='word_1_275' title='bbox 908 3809 1014 3885; x_wconf 84' lang='grc' dir='ltr'><em>πέλας</em></span> <span class='ocrx_word' id='word_1_276' title='bbox 1038 3808 1133 3874; x_wconf 75' lang='grc' dir='ltr'><strong>εἵσοο</strong></span> <span class='ocrx_word' id='word_1_277' title='bbox 1157 3808 1288 3896; x_wconf 72' lang='grc' dir='ltr'><strong>δίφρον.</strong></span> 
     </span>
     <span class='ocr_line' id='line_1_35' title="bbox 140 3923 1368 4015; baseline 0.003 -26"><span class='ocrx_word' id='word_1_278' title='bbox 140 3923 264 4002; x_wconf 80' lang='lat' dir='ltr'><strong>Quibus</strong></span> <span class='ocrx_word' id='word_1_279' title='bbox 286 3927 314 3993; x_wconf 92' lang='lat' dir='ltr'><strong>si</strong></span> <span class='ocrx_word' id='word_1_280' title='bbox 335 3926 519 3993; x_wconf 88' lang='lat' dir='ltr'><strong>admoveris</strong></span> <span class='ocrx_word' id='word_1_281' title='bbox 542 3927 720 3993; x_wconf 91' lang='lat' dir='ltr'><strong>Diodorum</strong></span> <span class='ocrx_word' id='word_1_282' title='bbox 746 3928 770 3990; x_wconf 97' lang='lat' dir='ltr'>V</span> <span class='ocrx_word' id='word_1_283' title='bbox 794 3931 889 4010; x_wconf 86' lang='lat' dir='ltr'><strong>c70,</strong></span> <span class='ocrx_word' id='word_1_284' title='bbox 910 3934 921 3992; x_wconf 95' lang='grc'><strong>1</strong></span> <span class='ocrx_word' id='word_1_285' title='bbox 948 3931 1027 4011; x_wconf 84' lang='grc' dir='ltr'><strong>περὶ</strong></span> <span class='ocrx_word' id='word_1_286' title='bbox 1057 3927 1092 3992; x_wconf 81' lang='grc' dir='ltr'><strong>δὲ</strong></span> <span class='ocrx_word' id='word_1_287' title='bbox 1122 3931 1179 4015; x_wconf 78' lang='grc' dir='ltr'><strong>της</strong></span> <span class='ocrx_word' id='word_1_288' title='bbox 1202 3932 1261 3992; x_wconf 73' lang='grc' dir='ltr'><strong>τοῦ</strong></span> <span class='ocrx_word' id='word_1_289' title='bbox 1283 3927 1368 4005; x_wconf 80' lang='grc' dir='ltr'><strong><em>Διὸς</em></strong></span> 
     </span>
     <span class='ocr_line' id='line_1_36' title="bbox 138 4023 1368 4116; baseline 0.005 -27"><span class='ocrx_word' id='word_1_290' title='bbox 138 4026 296 4109; x_wconf 82' lang='grc' dir='ltr'><strong><em>γενέσεώς</em></strong></span> <span class='ocrx_word' id='word_1_291' title='bbox 310 4051 347 4092; x_wconf 86' lang='grc' dir='ltr'><strong>τε</strong></span> <span class='ocrx_word' id='word_1_292' title='bbox 361 4029 416 4093; x_wconf 87' lang='grc' dir='ltr'><strong>καὶ</strong></span> <span class='ocrx_word' id='word_1_293' title='bbox 430 4028 605 4109; x_wconf 70' lang='grc' dir='ltr'><strong><em>βασιλείας</em></strong></span> <span class='ocrx_word' id='word_1_294' title='bbox 621 4026 858 4114; x_wconf 74' lang='grc' dir='ltr'><strong><em>διαφωνεῖται·</em></strong></span> <span class='ocrx_word' id='word_1_295' title='bbox 882 4035 938 4093; x_wconf 85' lang='grc' dir='ltr'><strong>καί</strong></span> <span class='ocrx_word' id='word_1_296' title='bbox 960 4052 1047 4105; x_wconf 86' lang='grc' dir='ltr'><strong><em>τινες</em></strong></span> <span class='ocrx_word' id='word_1_297' title='bbox 1069 4034 1129 4111; x_wconf 80' lang='grc' dir='ltr'><strong>μέν</strong></span> <span class='ocrx_word' id='word_1_298' title='bbox 1146 4053 1250 4116; x_wconf 79' lang='grc' dir='ltr'><strong><em>ηασιν</em></strong></span> <span class='ocrx_word' id='word_1_299' title='bbox 1267 4023 1368 4095; x_wconf 75' lang='grc' dir='ltr'><strong><em>αὐτὸν</em></strong></span> 
     </span>
    </p>
   </div>
   <div class='ocr_carea' id='block_1_4' title="bbox 229 4223 821 4384">
    <p class='ocr_par' dir='ltr' id='par_1_13' title="bbox 229 4223 821 4384">
     <span class='ocr_line' id='line_1_37' title="bbox 229 4223 821 4298; baseline 0 -13"><span class='ocrx_word' id='word_1_300' title='bbox 229 4230 260 4292; x_wconf 79' lang='lat'><strong>¹²)</strong></span> <span class='ocrx_word' id='word_1_301' title='bbox 279 4229 398 4284; x_wconf 86' lang='lat' dir='ltr'><strong>Lobeck.</strong></span> <span class='ocrx_word' id='word_1_302' title='bbox 414 4223 641 4298; x_wconf 79' lang='lat' dir='ltr'><strong>‘Aglaophamus&#39;</strong></span> <span class='ocrx_word' id='word_1_303' title='bbox 660 4229 686 4282; x_wconf 87' lang='grc' dir='ltr'><strong>ΙΙ</strong></span> <span class='ocrx_word' id='word_1_304' title='bbox 704 4247 731 4298; x_wconf 90' lang='lat' dir='ltr'><strong>p.</strong></span> <span class='ocrx_word' id='word_1_305' title='bbox 748 4234 821 4285; x_wconf 81' lang='lat'>1121.</span> 
     </span>
     <span class='ocr_line' id='line_1_38' title="bbox 229 4314 587 4384; baseline -0.008 -14"><span class='ocrx_word' id='word_1_306' title='bbox 229 4315 260 4376; x_wconf 75' lang='lat'><strong>¹³)</strong></span> <span class='ocrx_word' id='word_1_307' title='bbox 279 4314 398 4369; x_wconf 85' lang='lat' dir='ltr'><strong>Lobeclr.</strong></span> <span class='ocrx_word' id='word_1_308' title='bbox 418 4315 453 4369; x_wconf 91' lang='lat' dir='ltr'><strong>ib.</strong></span> <span class='ocrx_word' id='word_1_309' title='bbox 471 4333 489 4384; x_wconf 89' lang='lat' dir='ltr'><strong>p</strong></span> <span class='ocrx_word' id='word_1_310' title='bbox 516 4319 587 4369; x_wconf 77' lang='grc'><strong>1169.</strong></span> 
     </span>
    </p>
   </div>
   <div class='ocr_carea' id='block_1_5' title="bbox 0 0 1592 5160">
    <p class='ocr_par' dir='ltr' id='par_1_14' title="bbox 0 0 1592 5160">
     <span class='ocr_line' id='line_1_39' title="bbox 0 0 1592 5160; baseline 0 0"><span class='ocrx_word' id='word_1_311' title='bbox 0 0 1592 5160; x_wconf 95' lang='lat' dir='ltr'><strong> </strong></span> 
     </span>
    </p>
   </div>
  </div>
 </body>
</html>
