3174 5160
296 322 345 377 III.
365 323 416 375 DE
434 324 546 377 ARATI
565 324 835 380 INTERPRETUM
856 326 916 393 QUI
935 327 1083 382 FERTUR
1102 327 1304 384 CATALOGO.
1352 328 1412 386 133

185 498 304 576 στίβον
332 487 392 578 ᾗδὲ
421 497 475 559 καὶ
506 486 611 580 ὀδμὴν
643 503 796 584 θηρείην,
832 499 991 584 λευκῇσιν·
1012 497 1238 582 ἐνισκίμψασα
1268 501 1415 586 βολῇσιν,

183 599 314 664 scilicet·
322 601 438 679 στίβον
449 591 507 682 ἠδὲ
519 591 673 684 όόμήν“).
692 609 724 666 et
735 601 908 667 Cleanthes
924 604 974 677 (cf.
989 623 1021 686 p.
1041 604 1151 678 tarr).
1180 609 1221 668 At
1237 605 1314 687 quid
1329 605 1417 671 dicat

183 706 283 783 poeta
297 709 533 784 percontamur.
570 703 653 768 Nam
670 722 729 768 nec
745 703 786 767 de
802 704 892 768 caelo
908 723 969 768 nec
984 704 1025 770 de
1041 706 1122 771 caeli
1138 707 1265 788 punctis
1281 708 1415 790 cogitari

183 809 303 886 potest
342 801 464 880 Quodsi
488 804 610 886 aliquid
634 805 667 868 in
689 806 861 887 Apollonio
885 807 1070 872 tentandum
1095 817 1151 889 est,
1177 809 1312 890 globosa
1334 829 1414 874 sum·

185 925 309 970 morum
327 906 483 969 montium
499 908 666 971 cacumina
682 907 901 972 contendimus
916 908 1030 992 attingi
1038 909 1079 983 ³²).
1115 908 1212 975 Cuius
1228 911 1413 992 interpreta-

182 1007 281 1072 tionis
304 1006 387 1073 baec
410 1009 471 1072 tria
493 1015 681 1088 argumento
703 1009 902 1090 proferimus.
925 1011 971 1087 tt)
988 1011 1124 1096 Hesycb.
1149 1033 1172 1077 s.
1191 1034 1222 1078 v.
1245 1008 1363 1095 πόλος]
1382 1063 1414 1077 ..

181 1105 314 1183 κύκλος·
339 1108 395 1171 καὶ
417 1106 523 1183 τόπος
549 1110 696 1194 κορυφῇς
724 1108 922 1196 κοκλοειδής.
968 1112 1102 1196 Scripsit
1130 1112 1236 1188 τόπος
1259 1113 1414 1179 Henricus

182 1209 369 1292 Stephanus
385 1216 417 1276 et
429 1208 632 1277 Schwenckii
647 1231 836 1277 consensum
852 1220 985 1280 nanctus
1002 1223 1050 1279 est
1060 1217 1247 1296 rectissime,
1264 1217 1414 1297 quoniam

183 1319 306 1378 certam
330 1313 423 1378 collis
445 1313 579 1377 formam
602 1312 850 1396 lexicograpbus
875 1315 1018 1381 indicare
1041 1318 1151 1382 voluit.
1197 1318 1279 1382 Hinc
1301 1312 1414 1390 Πόλος

178 1403 427 1494 ὀνομαζόμενον
447 1418 570 1495 χωρίον
599 1415 640 1480 ad
664 1415 844 1498 Tanagram
874 1417 957 1481 unde
980 1438 1095 1484 nomen
1121 1419 1267 1485 babuerit
1289 1419 1411 1482 intelle·

178 1517 266 1598 gitur
289 1516 396 1581 (Paos.
419 1517 473 1581 IX'
490 1519 540 1599 20,
558 1517 638 1592 3i³³)-·
662 1517 705 1594 (2)
733 1517 837 1601 Caput
861 1518 1032 1584 humanum
1054 1542 1074 1584 a
1096 1522 1199 1586 forma
1214 1558 1254 1567 —
1276 1521 1413 1587 rotunda

177 1619 331 1682 nimirum
355 1653 395 1661 —
421 1616 526 1694 πόλος
554 1619 709 1685 audiebat
737 1621 816 1685 Poit.
842 1620 937 1685 1138.
960 1624 1002 1698 (3)
1026 1620 1147 1703 πόλον,
1176 1625 1196 1686 i.
1221 1644 1247 1689 e.
1270 1624 1411 1705 globum,

176 1726 306 1785 statuae
336 1721 505 1801 gestabant
528 1721 687 1787 Fortunae
714 1740 764 1786 ex.
788 1742 832 1803 gr.
862 1722 949 1804 apud
972 1723 1216 1807 Smyrnaeos³¹),
1246 1726 1410 1791 Minervae

177 1841 232 1887 ex.
254 1842 302 1905 gr.
327 1822 415 1906 apud
438 1823 632 1906 Erythraeos
641 1824 674 1899 ³⁵)
698 1831 730 1888 et
752 1823 933 1898 Ilienses³⁶t

268 1989 302 2061 ξ’)
320 1989 364 2042 ΙΙΙ
380 2007 405 2043 v.
420 1993 478 2044 823.
497 1990 536 2044 lV
549 2008 572 2044 v.
586 1994 645 2044 885.
665 1993 713 2043 981
733 1990 766 2042 al.
781 1992 882 2044 Aratus
900 2008 923 2046 v.
940 1997 1002 2045 1107
1022 1985 1107 2060 α’μνοὶ
1126 1991 1241 2050 εἰνόόιοι
1260 1997 1411 2063 παίζουσιν

176 2069 358 2144 ἐρειδόμενοι
383 2070 536 2146 κεράεσσιν
559 2077 651 2140 docet,
680 2075 743 2143 quid
766 2077 801 2128 sit
831 2073 994 2146 ἐρείδεσθαι
1016 2099 1077 2134 τινι,
1119 2079 1242 2134 Ceterum
1268 2080 1333 2132 nibit
1358 2080 1410 2134 nisi

177 2159 314 2213 Merckeii
327 2161 578 2229 interpretationem
593 2162 765 2214 coniecturae
783 2161 817 2212 ab
836 2163 896 2228 ipso
914 2164 1070 2230 propositae
1088 2165 1249 2233 redarguere
1267 2165 1407 2220 voluimus.

175 2243 266 2310 Quam
290 2244 337 2312 qui
363 2245 529 2300 retinendam
557 2250 649 2300 censet
673 2245 897 2300 Wiiamowitzius
921 2244 1081 2318 ἐρείδεσθαι
1105 2249 1144 2303 ita
1166 2251 1277 2319 accipit,
1304 2246 1408 2305 ut‘niti

173 2329 272 2396 primis
292 2328 376 2383 radiis
394 2330 477 2384 solem
495 2330 523 2382 in
542 2331 649 2386 duobus
667 2331 719 2384 illis
739 2323 866 2397 fastigiis'
887 2338 1003 2384 censeat.

267 2413 300 2479 ³²)
319 2413 471 2482 Simplicius
489 2416 627 2485 aliquanto
646 2417 804 2486 Dionysius,
824 2417 868 2482 qui
886 2416 971 2469 multa
989 2417 1070 2470 habet
1089 2433 1121 2470 ex
1139 2419 1298 2486 Apollonio,
1318 2440 1341 2474 v.
1359 2427 1405 2476 150

174 2498 284 2566 μέσσαν
302 2491 330 2554 δ’
349 2496 421 2556 tvos
438 2505 486 2556 καὶ
505 2497 576 2558 ἔνθα
595 2499 651 2558 oda
670 2495 802 2572 όνέχουσι
821 2505 946 2556 κολῶναι
964 2499 1032 2557 κτλ)
1072 2496 1077 2507 ’

265 2582 298 2649 ⁸³)
315 2581 441 2640 ἐνταῦθα
464 2583 599 2642 Ἄτλαντα
617 2584 783 2657 καθήμενον
807 2592 1058 2658 πολυπραγμονεῖν
1081 2585 1116 2643 τό
1136 2608 1167 2644 τε
1189 2584 1245 2645 tub
1264 2596 1318 2663 γῆν
1335 2612 1405 2662 φασι

173 2672 225 2724 καὶ
244 2663 281 2726 τὰ
301 2663 429 2741 οόρόνια.
461 2671 535 2738 Quae
555 2674 600 2739 qui
619 2673 651 2727 de
663 2672 775 2726 Atlante
794 2673 895 2740 primus
914 2672 999 2738 tinxit,
1020 2670 1113 2729 πόλον
1127 2675 1229 2727 caelum
1249 2693 1308 2730 esse
1326 2678 1404 2744 signi-

172 2754 280 2808 ficavit.

267 2839 299 2904 ³⁴)
319 2839 399 2893 Paus.
419 2840 456 2894 IV
469 2846 510 2905 30,
524 2846 546 2893 6.
578 2842 710 2894 Pacuvius
730 2842 761 2896 ir.
775 2843 827 2895 inc.
841 2842 905 2894 XIV
920 2842 998 2895 Ribb.
1015 2841 1149 2896 Fortunae
1168 2841 1261 2898 κόλον
1280 2860 1312 2897 ex
1332 2845 1406 2897 t'onte

172 2938 274 2991 graeco
292 2923 434 2978 describit:
455 2928 606 2978 Fortunam
618 2932 745 2979 insanam
758 2947 814 2978 esse
832 2936 859 2976 et
877 2945 983 2977 caecam
1002 2936 1028 2987 ct
1040 2932 1146 2978 brutam
1158 2933 1306 2992 perhibent
1314 2933 1405 2994 philo·

171 3013 259 3073 sophi
273 3027 397 3076 saxoque
414 3016 519 3063 instare
536 3017 565 3063 in
580 3018 693 3078 globoso
707 3017 876 3078 praedicant
892 3016 1028 3062 volubilez'.

263 3096 295 3160 ³⁶)
314 3095 396 3149 Paus.
421 3095 460 3149 IX
478 3102 543 3161 5,9.
575 3097 664 3151 Schoi.
689 3099 718 3150 li.
740 3098 775 3150 Vl
794 3115 817 3150 v,
832 3101 878 3158 92,
898 3097 944 3148 ubi
969 3094 1052 3153 πόλιν
1079 3098 1186 3151 codices
1210 3098 1296 3163 ABT,
1320 3104 1405 3154 πῖλον

174 3179 350 3234 Eustathius.
369 3177 463 3238 πόλον
480 3182 632 3237 emendavit
650 3183 680 3236 0.
700 3183 823 3236 Jabnius.

265 3264 297 3331 θ’)
315 3263 517 3333 Furtuaengler
534 3267 561 3319 in
582 3267 712 3320 Roscheri
729 3267 829 3321 Lesico
849 3283 869 3319 s.
883 3284 906 3320 v.
927 3267 968 3334 lp
994 3272 1051 3320 690.
1089 3267 1221 3320 Mittimus
1240 3269 1404 3335 alienabo,

172 3349 249 3403 velut
267 3349 302 3402 de
319 3350 436 3417 Venere3
457 3353 579 3420 suppetit
596 3353 687 3419 ampla
705 3354 849 3420 qrraerendi
874 3352 993 3404 materia.
1031 3351 1163 3419 Perdigna
1182 3368 1224 3406 res
1244 3355 1323 3406 etiam
1342 3359 1405 3420 post

170 3434 334 3503 Lajardium
347 3435 538 3490 etEduardum
550 3437 672 3490 Gcrhard
685 3432 872 3506 (Prodromus
885 3437 993 3504 mythol.
1010 3433 1254 3504 Kunsterklbrung‘
1269 3455 1295 3506 p.
1307 3442 1403 3504 ὅσσαι,

173 3535 256 3588 quam
280 3535 331 3588 per
358 3521 425 3574 artis
450 3527 477 3574 et
499 3522 649 3575 litterarum
678 3531 851 3575 monumenta
873 3524 1054 3589 persequaris.
1096 3522 1212 3575 Tantum
1238 3522 1404 3589 dispicimus,

171 3607 303 3672 antiquos
321 3621 375 3659 non
398 3604 469 3659 idem
487 3621 521 3659 ac
545 3608 709 3661 recentiores
733 3607 765 3660 de
781 3601 868 3674 ‘polo'
894 3610 1044 3661 statuarum
1068 3609 1193 3662 sensisse.
1227 3601 1300 3657 ‘Der
1318 3610 1404 3668 Po'los,

171 3696 226 3743 den
246 3695 291 3741 die
311 3693 469 3756 ephesaacke
487 3693 581 3742 Go'ttin
604 3695 663 3760 auf
678 3695 914 3743 Marmorbr'ldern
932 3698 975 3743 als
993 3697 1174 3744 bilderrer'cke
1194 3696 1306 3744 Scheibe
1323 3701 1404 3741 unter

172 3781 225 3828 der
245 3779 439 3827 Thurmkrone
458 3794 490 3825 au
513 3781 608 3842 κείρειν
622 3780 732 3844 pflegt,
757 3782 895 3829 ersckeint
913 3781 1136 3846 gleickgeformt
1158 3781 1217 3847 auf
1233 3781 1403 3844 Mainatypen

169 3863 314 3929 ehenfalLr
331 3865 381 3911 mit
401 3865 452 3911 der
470 3864 496 3911 T
496 3866 662 3913 hurmkrone
686 3867 750 3913 oder
774 3868 823 3913 mit
846 3868 904 3914 dem
923 3867 1034 3914 Medius
1053 3902 1079 3916 ..
1100 3868 1171 3914 Aber
1193 3868 1265 3914 auch
1284 3868 1327 3913 als
1345 3866 1404 3912 eine

168 3949 278 4013 Kugel,
297 3951 348 3996 wie
364 3949 424 4014 aus
437 3950 574 3998 Ammone-
592 3952 652 3999 und
670 3950 916 4016 Saturnuslrdpfen
934 3952 1027 4015 (Anm.
1041 3951 1090 4010 46)
1110 3988 1137 4002 ..
1158 3954 1255 4000 kommt
1278 3952 1326 3997 der
1344 3966 1403 3996 aum

168 4033 420 4096 Hauptsclumucke
433 4037 599 4097 gewordene
610 4035 688 4082 Polos
706 4051 763 4093 vor,
782 4051 810 4083 so
827 4038 894 4083 siber
906 4038 965 4083 dem
979 4037 1171 4099 Doppelmcnd
1189 4038 1237 4083 der
1249 4036 1401 4083 samiscken

167 4110 272 4168 Here'.
306 4114 338 4168 P.
352 4118 409 4169 24⁴⁷
423 4111 497 4169 ‘Wie
515 4121 565 4167 der
582 4119 660 4168 Polos
678 4120 707 4167 in
726 4122 778 4168 den
790 4123 1010 4184 regelmd'ssigen
1023 4121 1267 4183 Kunstgebrauch,
1281 4127 1400 4168 nument-

168 4205 227 4253 liclr
249 4205 300 4251 der
312 4203 534 4264 Marmorwerke‚
554 4207 597 4252 als
616 4205 756 4266 Stephane
768 4208 987 4268 atbergegangen
1006 4208 1048 4262 ist,
1067 4222 1095 4252 so
1100 4207 1194 4269 findet
1210 4222 1240 4252 er
1253 4208 1310 4253 sicle
1330 4207 1401 4252 auch

167 4306 206 4336 an
231 4290 292 4335 dem
315 4289 491 4350 epheszachen
518 4291 577 4337 und
599 4291 749 4337 danlz'chen
775 4292 874 4338 Idolen
901 4293 979 4338 meist
1001 4292 1164 4349 verdndert,
1191 4292 1257 4337 bald
1274 4292 1302 4337 in
1327 4291 1402 4338 lralb·
