<?xml version="1.0" encoding="UTF-8"?>
<!DOCTYPE html PUBLIC "-//W3C//DTD XHTML 1.0 Transitional//EN"
    "http://www.w3.org/TR/xhtml1/DTD/xhtml1-transitional.dtd">
<html xmlns="http://www.w3.org/1999/xhtml" xml:lang="en" lang="en">
 <head>
  <title>
</title>
<meta http-equiv="Content-Type" content="text/html;charset=utf-8" />
  <meta name='ocr-system' content='tesseract 3.04.00' />
  <meta name='ocr-capabilities' content='ocr_page ocr_carea ocr_par ocr_line ocrx_word'/>
</head>
<body>
  <div class='ocr_page' id='page_1' title='image "./aratea00maasgoog_0301.png"; bbox 0 0 3174 5160; ppageno 0'>
   <div class='ocr_carea' id='block_1_1' title="bbox 718 377 871 431">
    <p class='ocr_par' dir='ltr' id='par_1_1' title="bbox 718 377 871 431">
     <span class='ocr_line' id='line_1_1' title="bbox 718 377 871 431; baseline 0.02 -3"><span class='ocrx_word' id='word_1_1' title='bbox 718 377 871 431; x_wconf 81' lang='lat' dir='ltr'><strong>ARATEA</strong></span> 
     </span>
    </p>
   </div>
   <div class='ocr_carea' id='block_1_2' title="bbox 175 540 1466 2378">
    <p class='ocr_par' dir='ltr' id='par_1_2' title="bbox 310 540 1416 632">
     <span class='ocr_line' id='line_1_2' title="bbox 310 540 1416 632; baseline 0.005 -22"><span class='ocrx_word' id='word_1_2' title='bbox 310 550 467 626; x_wconf 78' lang='grc' dir='ltr'><strong><em>τέταρτος</em></strong></span> <span class='ocrx_word' id='word_1_3' title='bbox 491 547 542 626; x_wconf 88' lang='grc' dir='ltr'><strong><em>δέ,</em></strong></span> <span class='ocrx_word' id='word_1_4' title='bbox 568 546 602 612; x_wconf 83' lang='grc' dir='ltr'><strong><em>έν</em></strong></span> <span class='ocrx_word' id='word_1_5' title='bbox 625 540 653 631; x_wconf 68' lang='grc' dir='ltr'><strong><em>(ᾖ</em></strong></span> <span class='ocrx_word' id='word_1_6' title='bbox 673 552 858 631; x_wconf 85' lang='grc' dir='ltr'><strong><em>χειμεριναὶ</em></strong></span> <span class='ocrx_word' id='word_1_7' title='bbox 882 551 1006 631; x_wconf 81' lang='grc' dir='ltr'><strong><em>τροπαὶ</em></strong></span> <span class='ocrx_word' id='word_1_8' title='bbox 1027 556 1193 632; x_wconf 79' lang='grc' dir='ltr'><strong><em>γίι·ονται’</em></strong></span> <span class='ocrx_word' id='word_1_9' title='bbox 1221 549 1294 616; x_wconf 79' lang='grc' dir='ltr'><strong><em>έστι</em></strong></span> <span class='ocrx_word' id='word_1_10' title='bbox 1318 543 1350 614; x_wconf 78' lang='grc' dir='ltr'><strong><em>δ’</em></strong></span> <span class='ocrx_word' id='word_1_11' title='bbox 1380 548 1416 616; x_wconf 87' lang='grc' dir='ltr'><strong><em>έν</em></strong></span> 
     </span>
    </p>

    <p class='ocr_par' dir='ltr' id='par_1_3' title="bbox 181 647 1466 1043">
     <span class='ocr_line' id='line_1_3' title="bbox 309 647 881 735; baseline 0.003 -23"><span class='ocrx_word' id='word_1_12' title='bbox 309 647 416 735; x_wconf 78' lang='grc' dir='ltr'><strong><em>τούτῳ</em></strong></span> <span class='ocrx_word' id='word_1_13' title='bbox 439 648 480 714; x_wconf 85' lang='grc' dir='ltr'><strong><em>τὰ</em></strong></span> <span class='ocrx_word' id='word_1_14' title='bbox 502 655 589 731; x_wconf 85' lang='grc' dir='ltr'><em>μέσα</em></span> <span class='ocrx_word' id='word_1_15' title='bbox 611 652 670 714; x_wconf 85' lang='grc' dir='ltr'><strong><em>τοῦ</em></strong></span> <span class='ocrx_word' id='word_1_16' title='bbox 692 649 881 734; x_wconf 80' lang='grc' dir='ltr'><strong><em>Αἷγόκερω.</em></strong></span> 
     </span>
     <span class='ocr_line' id='line_1_4' title="bbox 182 745 1414 837; baseline 0.006 -24"><span class='ocrx_word' id='word_1_17' title='bbox 182 748 421 835; x_wconf 81' lang='grc' dir='ltr'><strong><em>ἐκφανέστερον</em></strong></span> <span class='ocrx_word' id='word_1_18' title='bbox 446 751 464 815; x_wconf 94' lang='grc' dir='ltr'><strong><em>δ</em></strong></span> <span class='ocrx_word' id='word_1_19' title='bbox 471 745 479 768; x_wconf 87' lang='lat'><em>&#39;</em></span> <span class='ocrx_word' id='word_1_20' title='bbox 506 749 555 815; x_wconf 80' lang='grc' dir='ltr'><strong><em>έτι</em></strong></span> <span class='ocrx_word' id='word_1_21' title='bbox 572 748 628 815; x_wconf 79' lang='grc' dir='ltr'><strong><em>διὰ</em></strong></span> <span class='ocrx_word' id='word_1_22' title='bbox 644 750 770 817; x_wconf 86' lang='grc' dir='ltr'><strong><em>τούτων</em></strong></span> <span class='ocrx_word' id='word_1_23' title='bbox 787 745 1013 819; x_wconf 82' lang='grc' dir='ltr'><strong><em>όιπυδίδωσιν·</em></strong></span> <span class='ocrx_word' id='word_1_24' title='bbox 1037 754 1116 835; x_wconf 88' lang='grc' dir='ltr'><strong><em>περὶ</em></strong></span> <span class='ocrx_word' id='word_1_25' title='bbox 1131 751 1194 837; x_wconf 77' lang='grc' dir='ltr'><strong><em>γὰρ</em></strong></span> <span class='ocrx_word' id='word_1_26' title='bbox 1209 756 1277 819; x_wconf 78' lang='grc' dir='ltr'><strong><em>τῶν</em></strong></span> <span class='ocrx_word' id='word_1_27' title='bbox 1292 752 1414 820; x_wconf 90' lang='grc' dir='ltr'><strong><em>κολού-</em></strong></span> 
     </span>
     <span class='ocr_line' id='line_1_5' title="bbox 183 851 1414 939; baseline 0.005 -25"><span class='ocrx_word' id='word_1_28' title='bbox 183 876 249 933; x_wconf 92' lang='grc' dir='ltr'><strong><em>ρων</em></strong></span> <span class='ocrx_word' id='word_1_29' title='bbox 273 852 456 936; x_wconf 82' lang='grc' dir='ltr'><strong><em>λεγομένων</em></strong></span> <span class='ocrx_word' id='word_1_30' title='bbox 479 851 618 931; x_wconf 78' lang='grc' dir='ltr'><strong><em>κύκλων,</em></strong></span> <span class='ocrx_word' id='word_1_31' title='bbox 643 855 677 918; x_wconf 86' lang='grc' dir='ltr'><strong><em>οἳ</em></strong></span> <span class='ocrx_word' id='word_1_32' title='bbox 698 852 885 939; x_wconf 73' lang='grc' dir='ltr'><strong><em>γράφονται</em></strong></span> <span class='ocrx_word' id='word_1_33' title='bbox 908 853 964 919; x_wconf 85' lang='grc' dir='ltr'><strong><em>διό</em></strong></span> <span class='ocrx_word' id='word_1_34' title='bbox 987 877 1023 918; x_wconf 90' lang='grc' dir='ltr'><strong><em>τε</em></strong></span> <span class='ocrx_word' id='word_1_35' title='bbox 1044 857 1111 918; x_wconf 86' lang='grc' dir='ltr'><strong><em>τιῦν</em></strong></span> <span class='ocrx_word' id='word_1_36' title='bbox 1134 853 1250 920; x_wconf 89' lang='grc' dir='ltr'><strong><em>πόλων</em></strong></span> <span class='ocrx_word' id='word_1_37' title='bbox 1272 858 1331 920; x_wconf 88' lang='grc' dir='ltr'><strong><em>καὶ</em></strong></span> <span class='ocrx_word' id='word_1_38' title='bbox 1354 853 1414 922; x_wconf 85' lang='grc' dir='ltr'><strong><em>διὰ</em></strong></span> 
     </span>
     <span class='ocr_line' id='line_1_6' title="bbox 181 947 1466 1043; baseline 0.003 -26"><span class='ocrx_word' id='word_1_39' title='bbox 181 957 248 1017; x_wconf 84' lang='grc' dir='ltr'><strong><em>των</em></strong></span> <span class='ocrx_word' id='word_1_40' title='bbox 270 957 439 1035; x_wconf 78' lang='grc' dir='ltr'><strong><em>τροπικιῦν</em></strong></span> <span class='ocrx_word' id='word_1_41' title='bbox 461 955 515 1018; x_wconf 84' lang='grc' dir='ltr'><strong><em>καὶ</em></strong></span> <span class='ocrx_word' id='word_1_42' title='bbox 540 952 739 1041; x_wconf 72' lang='grc' dir='ltr'><strong><em>ίσφμεριναῖν</em></strong></span> <span class='ocrx_word' id='word_1_43' title='bbox 763 960 917 1038; x_wconf 78' lang='grc' dir='ltr'><em>σημείων,</em></span> <span class='ocrx_word' id='word_1_44' title='bbox 942 959 1045 1043; x_wconf 80' lang='grc' dir='ltr'><strong><em>φησὶν</em></strong></span> <span class='ocrx_word' id='word_1_45' title='bbox 1068 947 1189 1033; x_wconf 77' lang='grc' dir='ltr'><strong><em>σύτως·</em></strong></span> <span class='ocrx_word' id='word_1_46' title='bbox 1439 971 1466 1021; x_wconf 72' lang='lat'><strong><em>2⁰</em></strong></span> 
     </span>
    </p>

    <p class='ocr_par' dir='ltr' id='par_1_4' title="bbox 306 1050 1415 1447">
     <span class='ocr_line' id='line_1_7' title="bbox 310 1050 1415 1144; baseline 0.004 -23"><span class='ocrx_word' id='word_1_47' title='bbox 310 1054 416 1138; x_wconf 73' lang='grc' dir='ltr'><strong><em>ἕτεροι</em></strong></span> <span class='ocrx_word' id='word_1_48' title='bbox 439 1050 470 1119; x_wconf 76' lang='grc' dir='ltr'><strong><em>δ’</em></strong></span> <span class='ocrx_word' id='word_1_49' title='bbox 498 1055 563 1120; x_wconf 83' lang='grc' dir='ltr'><strong><em>εἰσὶ</em></strong></span> <span class='ocrx_word' id='word_1_50' title='bbox 588 1053 646 1120; x_wconf 81' lang='grc' dir='ltr'><strong><em>δύο</em></strong></span> <span class='ocrx_word' id='word_1_51' title='bbox 665 1054 776 1122; x_wconf 80' lang='grc' dir='ltr'><strong><em>κύκλοι</em></strong></span> <span class='ocrx_word' id='word_1_52' title='bbox 791 1061 965 1138; x_wconf 79' lang='grc' dir='ltr'><strong><em>τέμνοντες</em></strong></span> <span class='ocrx_word' id='word_1_53' title='bbox 980 1050 1143 1144; x_wconf 72' lang='grc' dir='ltr'><strong><em>ἀλλήλους</em></strong></span> <span class='ocrx_word' id='word_1_54' title='bbox 1159 1058 1236 1139; x_wconf 87' lang='grc' dir='ltr'><strong><em>δίχα</em></strong></span> <span class='ocrx_word' id='word_1_55' title='bbox 1251 1061 1308 1125; x_wconf 85' lang='grc' dir='ltr'><strong><em>καὶ</em></strong></span> <span class='ocrx_word' id='word_1_56' title='bbox 1325 1056 1415 1142; x_wconf 87' lang='grc' dir='ltr'><strong><em>πρός</em></strong></span> 
     </span>
     <span class='ocr_line' id='line_1_8' title="bbox 307 1151 1415 1243; baseline 0.002 -20"><span class='ocrx_word' id='word_1_57' title='bbox 307 1151 416 1243; x_wconf 81' lang='grc' dir='ltr'><strong><em>όρθδς</em></strong></span> <span class='ocrx_word' id='word_1_58' title='bbox 449 1154 504 1223; x_wconf 83' lang='grc' dir='ltr'><strong><em>διὰ</em></strong></span> <span class='ocrx_word' id='word_1_59' title='bbox 539 1160 605 1222; x_wconf 73' lang='grc' dir='ltr'><strong><em>ταῖν</em></strong></span> <span class='ocrx_word' id='word_1_60' title='bbox 639 1156 754 1222; x_wconf 90' lang='grc' dir='ltr'><strong><em>πόλων</em></strong></span> <span class='ocrx_word' id='word_1_61' title='bbox 783 1160 842 1223; x_wconf 79' lang='grc' dir='ltr'><strong><em>τοῦ</em></strong></span> <span class='ocrx_word' id='word_1_62' title='bbox 870 1158 1006 1241; x_wconf 86' lang='grc' dir='ltr'><strong><em>κόσμου.</em></strong></span> <span class='ocrx_word' id='word_1_63' title='bbox 1054 1152 1182 1225; x_wconf 77' lang='grc' dir='ltr'><strong><em>ἔστιδ’</em></strong></span> <span class='ocrx_word' id='word_1_64' title='bbox 1214 1157 1249 1225; x_wconf 87' lang='grc' dir='ltr'><strong><em>έν</em></strong></span> <span class='ocrx_word' id='word_1_65' title='bbox 1278 1158 1415 1237; x_wconf 87' lang='grc' dir='ltr'><strong><em>τούτοις</em></strong></span> 
     </span>
     <span class='ocr_line' id='line_1_9' title="bbox 306 1253 1413 1348; baseline 0.005 -26"><span class='ocrx_word' id='word_1_66' title='bbox 306 1253 413 1343; x_wconf 83' lang='grc' dir='ltr'><strong><em>όίστρα</em></strong></span> <span class='ocrx_word' id='word_1_67' title='bbox 445 1258 542 1323; x_wconf 86' lang='grc' dir='ltr'><strong><em>τόδε·</em></strong></span> <span class='ocrx_word' id='word_1_68' title='bbox 572 1262 705 1341; x_wconf 77' lang='grc' dir='ltr'><strong><em>πρῶτος</em></strong></span> <span class='ocrx_word' id='word_1_69' title='bbox 728 1255 745 1323; x_wconf 86' lang='grc' dir='ltr'><strong><em>ό</em></strong></span> <span class='ocrx_word' id='word_1_70' title='bbox 769 1258 876 1337; x_wconf 89' lang='grc' dir='ltr'><strong><em>πόλος</em></strong></span> <span class='ocrx_word' id='word_1_71' title='bbox 899 1256 916 1326; x_wconf 88' lang='grc' dir='ltr'><strong><em>δ</em></strong></span> <span class='ocrx_word' id='word_1_72' title='bbox 941 1256 994 1327; x_wconf 88' lang='grc' dir='ltr'><strong><em>όεὶ</em></strong></span> <span class='ocrx_word' id='word_1_73' title='bbox 1021 1259 1166 1348; x_wconf 86' lang='grc' dir='ltr'><strong><em>φανερός</em></strong></span> <span class='ocrx_word' id='word_1_74' title='bbox 1189 1264 1250 1327; x_wconf 77' lang='grc' dir='ltr'><strong><em>τοῦ</em></strong></span> <span class='ocrx_word' id='word_1_75' title='bbox 1272 1260 1413 1345; x_wconf 88' lang='grc' dir='ltr'><strong><em>κόσμου,</em></strong></span> 
     </span>
     <span class='ocr_line' id='line_1_10' title="bbox 307 1355 1413 1447; baseline 0.003 -22"><span class='ocrx_word' id='word_1_76' title='bbox 307 1357 379 1426; x_wconf 81' lang='grc' dir='ltr'><strong><em>εἶτα</em></strong></span> <span class='ocrx_word' id='word_1_77' title='bbox 402 1358 439 1426; x_wconf 87' lang='grc' dir='ltr'><strong><em>τό</em></strong></span> <span class='ocrx_word' id='word_1_78' title='bbox 463 1365 566 1442; x_wconf 83' lang='grc' dir='ltr'><strong><em>μέσον</em></strong></span> <span class='ocrx_word' id='word_1_79' title='bbox 589 1363 648 1445; x_wconf 78' lang='grc' dir='ltr'><strong><em>τῆς</em></strong></span> <span class='ocrx_word' id='word_1_80' title='bbox 669 1355 806 1444; x_wconf 81' lang='grc' dir='ltr'><strong><em>Ἄρκτου</em></strong></span> <span class='ocrx_word' id='word_1_81' title='bbox 828 1359 913 1426; x_wconf 85' lang='grc' dir='ltr'><strong><em>κατὰ</em></strong></span> <span class='ocrx_word' id='word_1_82' title='bbox 937 1361 1065 1440; x_wconf 77' lang='grc' dir='ltr'><strong><em>πλάτος</em></strong></span> <span class='ocrx_word' id='word_1_83' title='bbox 1087 1366 1142 1430; x_wconf 84' lang='grc' dir='ltr'><strong><em>καλ</em></strong></span> <span class='ocrx_word' id='word_1_84' title='bbox 1164 1365 1224 1428; x_wconf 85' lang='grc' dir='ltr'><strong><em>τοῦ</em></strong></span> <span class='ocrx_word' id='word_1_85' title='bbox 1239 1368 1413 1447; x_wconf 90' lang='grc' dir='ltr'><strong><em>Καρκίνου</em></strong></span> 
     </span>
    </p>

    <p class='ocr_par' dir='ltr' id='par_1_5' title="bbox 177 1460 1465 1651">
     <span class='ocr_line' id='line_1_11' title="bbox 306 1460 1465 1544; baseline 0 -17"><span class='ocrx_word' id='word_1_86' title='bbox 306 1460 342 1528; x_wconf 89' lang='grc' dir='ltr'><strong><em>τδ</em></strong></span> <span class='ocrx_word' id='word_1_87' title='bbox 366 1468 479 1544; x_wconf 87' lang='grc' dir='ltr'><strong><em>μέσον.</em></strong></span> <span class='ocrx_word' id='word_1_88' title='bbox 1437 1478 1465 1527; x_wconf 76' lang='lat'><strong><em>25</em></strong></span> 
     </span>
     <span class='ocr_line' id='line_1_12' title="bbox 177 1556 608 1651; baseline -0.002 -22"><span class='ocrx_word' id='word_1_89' title='bbox 177 1566 232 1629; x_wconf 82' lang='grc' dir='ltr'><strong><em>καὶ</em></strong></span> <span class='ocrx_word' id='word_1_90' title='bbox 254 1556 328 1647; x_wconf 74' lang='grc' dir='ltr'><strong><em>μετ’</em></strong></span> <span class='ocrx_word' id='word_1_91' title='bbox 355 1558 467 1649; x_wconf 77' lang='grc' dir='ltr'><strong><em>ὀλίγον</em></strong></span> <span class='ocrx_word' id='word_1_92' title='bbox 491 1570 608 1651; x_wconf 77' lang='grc' dir='ltr'><strong><em>φησίν·</em></strong></span> 
     </span>
    </p>

    <p class='ocr_par' dir='ltr' id='par_1_6' title="bbox 175 1658 1461 2151">
     <span class='ocr_line' id='line_1_13' title="bbox 305 1658 1412 1754; baseline 0.004 -24"><span class='ocrx_word' id='word_1_93' title='bbox 305 1658 325 1754; x_wconf 76' lang='grc' dir='ltr'><em>ἥ</em></span> <span class='ocrx_word' id='word_1_94' title='bbox 348 1691 385 1732; x_wconf 86' lang='grc' dir='ltr'><strong><em>τε</em></strong></span> <span class='ocrx_word' id='word_1_95' title='bbox 408 1660 489 1751; x_wconf 81' lang='grc' dir='ltr'><strong><em>σι’·ρὰ</em></strong></span> <span class='ocrx_word' id='word_1_96' title='bbox 512 1668 572 1730; x_wconf 81' lang='grc' dir='ltr'><strong><em>τοῦ</em></strong></span> <span class='ocrx_word' id='word_1_97' title='bbox 596 1672 706 1732; x_wconf 83' lang='grc' dir='ltr'><strong><em>νοτίου</em></strong></span> <span class='ocrx_word' id='word_1_98' title='bbox 726 1661 855 1748; x_wconf 78' lang='grc' dir='ltr'><strong><em>Ἰχθύος</em></strong></span> <span class='ocrx_word' id='word_1_99' title='bbox 877 1669 932 1731; x_wconf 93' lang='grc' dir='ltr'><strong><em>καὶ</em></strong></span> <span class='ocrx_word' id='word_1_100' title='bbox 954 1663 991 1730; x_wconf 90' lang='grc' dir='ltr'><strong><em>τό</em></strong></span> <span class='ocrx_word' id='word_1_101' title='bbox 1015 1671 1119 1749; x_wconf 84' lang='grc' dir='ltr'><strong><em>μέσον</em></strong></span> <span class='ocrx_word' id='word_1_102' title='bbox 1141 1671 1200 1733; x_wconf 80' lang='grc' dir='ltr'><strong><em>τοῦ</em></strong></span> <span class='ocrx_word' id='word_1_103' title='bbox 1218 1667 1412 1753; x_wconf 77' lang='grc' dir='ltr'><strong><em>Αἰγόκερω.</em></strong></span> 
     </span>
     <span class='ocr_line' id='line_1_14' title="bbox 178 1766 1412 1855; baseline 0.002 -21"><span class='ocrx_word' id='word_1_104' title='bbox 178 1766 211 1834; x_wconf 80' lang='grc' dir='ltr'><strong><em>έν</em></strong></span> <span class='ocrx_word' id='word_1_105' title='bbox 236 1770 272 1835; x_wconf 83' lang='grc' dir='ltr'><strong><em>δὲ</em></strong></span> <span class='ocrx_word' id='word_1_106' title='bbox 296 1782 365 1845; x_wconf 87' lang='grc' dir='ltr'><strong><em>τοῖς</em></strong></span> <span class='ocrx_word' id='word_1_107' title='bbox 389 1767 463 1854; x_wconf 64' lang='grc' dir='ltr'><strong><em>ἑξῆς</em></strong></span> <span class='ocrx_word' id='word_1_108' title='bbox 487 1791 607 1855; x_wconf 77' lang='grc' dir='ltr'><strong><em>φησιν,</em></strong></span> <span class='ocrx_word' id='word_1_109' title='bbox 636 1767 669 1832; x_wconf 90' lang='grc' dir='ltr'><strong><em>έν</em></strong></span> <span class='ocrx_word' id='word_1_110' title='bbox 691 1771 739 1853; x_wconf 70' lang='grc' dir='ltr'><strong><em>τῷ</em></strong></span> <span class='ocrx_word' id='word_1_111' title='bbox 763 1766 864 1853; x_wconf 78' lang='grc' dir='ltr'><strong><em>ἑτέρῳ</em></strong></span> <span class='ocrx_word' id='word_1_112' title='bbox 887 1771 954 1832; x_wconf 79' lang='grc' dir='ltr'><strong><em>των</em></strong></span> <span class='ocrx_word' id='word_1_113' title='bbox 977 1766 1033 1833; x_wconf 84' lang='grc' dir='ltr'><strong><em>διὰ</em></strong></span> <span class='ocrx_word' id='word_1_114' title='bbox 1056 1771 1123 1834; x_wconf 80' lang='grc' dir='ltr'><strong><em>τῶν</em></strong></span> <span class='ocrx_word' id='word_1_115' title='bbox 1145 1767 1261 1836; x_wconf 91' lang='grc' dir='ltr'><strong><em>πόλων</em></strong></span> <span class='ocrx_word' id='word_1_116' title='bbox 1284 1769 1412 1836; x_wconf 80' lang='grc' dir='ltr'><strong><em>κύκλων</em></strong></span> 
     </span>
     <span class='ocr_line' id='line_1_15' title="bbox 177 1865 1412 1952; baseline 0 -17"><span class='ocrx_word' id='word_1_117' title='bbox 177 1876 315 1937; x_wconf 89' lang='grc' dir='ltr'><strong><em>κεῖσθαι</em></strong></span> <span class='ocrx_word' id='word_1_118' title='bbox 346 1869 405 1936; x_wconf 83' lang='grc' dir='ltr'><strong><em>σύν</em></strong></span> <span class='ocrx_word' id='word_1_119' title='bbox 434 1883 506 1946; x_wconf 87' lang='grc' dir='ltr'><strong><em>τοῖς</em></strong></span> <span class='ocrx_word' id='word_1_120' title='bbox 540 1865 669 1949; x_wconf 74' lang='grc' dir='ltr'><strong><em>ἄλλοις,</em></strong></span> <span class='ocrx_word' id='word_1_121' title='bbox 705 1867 755 1946; x_wconf 78' lang='grc' dir='ltr'><strong><em>οἷς</em></strong></span> <span class='ocrx_word' id='word_1_122' title='bbox 782 1868 1017 1952; x_wconf 73' lang='grc' dir='ltr'><strong><em>ἐξαριθμεῖται</em></strong></span> <span class='ocrx_word' id='word_1_123' title='bbox 1043 1872 1250 1951; x_wconf 82' lang='lat' dir='ltr'>(EUDOXUs),</span> <span class='ocrx_word' id='word_1_124' title='bbox 1282 1873 1338 1936; x_wconf 88' lang='grc' dir='ltr'><strong><em>καὶ</em></strong></span> <span class='ocrx_word' id='word_1_125' title='bbox 1369 1868 1412 1936; x_wconf 88' lang='grc' dir='ltr'><strong><em>τὰ</em></strong></span> 
     </span>
     <span class='ocr_line' id='line_1_16' title="bbox 175 1970 1461 2058; baseline -0.001 -22"><span class='ocrx_word' id='word_1_126' title='bbox 175 1977 262 2054; x_wconf 84' lang='grc' dir='ltr'><strong><em>μέσα</em></strong></span> <span class='ocrx_word' id='word_1_127' title='bbox 296 1976 362 2038; x_wconf 74' lang='grc' dir='ltr'><strong><em>τῶν</em></strong></span> <span class='ocrx_word' id='word_1_128' title='bbox 392 1972 515 2058; x_wconf 62' lang='grc' dir='ltr'><strong><em>Χηλῶν</em></strong></span> <span class='ocrx_word' id='word_1_129' title='bbox 548 1970 631 2036; x_wconf 83' lang='grc' dir='ltr'><strong><em>κατὰ</em></strong></span> <span class='ocrx_word' id='word_1_130' title='bbox 666 1970 795 2046; x_wconf 88' lang='grc' dir='ltr'><strong><em>πλότος</em></strong></span> <span class='ocrx_word' id='word_1_131' title='bbox 823 1975 877 2037; x_wconf 79' lang='grc' dir='ltr'><strong><em>καὶ</em></strong></span> <span class='ocrx_word' id='word_1_132' title='bbox 907 1973 966 2036; x_wconf 83' lang='grc' dir='ltr'><strong><em>τοῦ</em></strong></span> <span class='ocrx_word' id='word_1_133' title='bbox 995 1974 1102 2056; x_wconf 76' lang='grc' dir='ltr'><strong><em>Κριοῦ</em></strong></span> <span class='ocrx_word' id='word_1_134' title='bbox 1130 1970 1172 2037; x_wconf 80' lang='grc' dir='ltr'><strong><em>τὰ</em></strong></span> <span class='ocrx_word' id='word_1_135' title='bbox 1204 1974 1294 2037; x_wconf 81' lang='grc' dir='ltr'><strong><em>νῶτα</em></strong></span> <span class='ocrx_word' id='word_1_136' title='bbox 1322 1970 1411 2038; x_wconf 80' lang='grc' dir='ltr'><strong><em>κατὰ</em></strong></span> <span class='ocrx_word' id='word_1_137' title='bbox 1433 1986 1461 2035; x_wconf 78' lang='grc' dir='ltr'><strong><em>’νο</em></strong></span> 
     </span>
     <span class='ocr_line' id='line_1_17' title="bbox 176 2074 314 2151; baseline 0.014 -14"><span class='ocrx_word' id='word_1_138' title='bbox 176 2074 314 2151; x_wconf 87' lang='grc' dir='ltr'><strong><em>πλάτος.</em></strong></span> 
     </span>
    </p>

    <p class='ocr_par' dir='ltr' id='par_1_7' title="bbox 176 2217 1412 2378">
     <span class='ocr_line' id='line_1_18' title="bbox 263 2217 1412 2295; baseline 0.002 -17"><span class='ocrx_word' id='word_1_139' title='bbox 263 2230 293 2279; x_wconf 84' lang='grc'><strong><em>16</em></strong></span> <span class='ocrx_word' id='word_1_140' title='bbox 312 2221 388 2282; x_wconf 74' lang='grc' dir='ltr'><strong><em>ἔστιν</em></strong></span> <span class='ocrx_word' id='word_1_141' title='bbox 400 2226 449 2279; x_wconf 87' lang='lat' dir='ltr'><strong><em>LV</em></strong></span> <span class='ocrx_word' id='word_1_142' title='bbox 472 2228 480 2291; x_wconf 93' lang='grc' dir='ltr'><strong><em>ΙΙ</em></strong></span> <span class='ocrx_word' id='word_1_143' title='bbox 504 2229 534 2280; x_wconf 86' lang='grc'><strong><em>18</em></strong></span> <span class='ocrx_word' id='word_1_144' title='bbox 553 2218 745 2282; x_wconf 64' lang='grc' dir='ltr'><strong><em>όποδίδωσιν</em></strong></span> <span class='ocrx_word' id='word_1_145' title='bbox 766 2226 775 2293; x_wconf 84' lang='grc' dir='ltr'><strong><em>ΙΙ</em></strong></span> <span class='ocrx_word' id='word_1_146' title='bbox 800 2230 830 2279; x_wconf 83' lang='grc'><strong><em>19</em></strong></span> <span class='ocrx_word' id='word_1_147' title='bbox 844 2225 923 2281; x_wconf 64' lang='grc' dir='ltr'><strong><em>τεΙνι</em></strong></span> <span class='ocrx_word' id='word_1_148' title='bbox 942 2225 1028 2294; x_wconf 71' lang='grc' dir='ltr'><strong><em>τῆςλί</em></strong></span> <span class='ocrx_word' id='word_1_149' title='bbox 1049 2226 1059 2292; x_wconf 82' lang='grc' dir='ltr'><strong><em>ΙΙ</em></strong></span> <span class='ocrx_word' id='word_1_150' title='bbox 1081 2227 1113 2277; x_wconf 77' lang='lat'><strong><em>22</em></strong></span> <span class='ocrx_word' id='word_1_151' title='bbox 1125 2226 1190 2292; x_wconf 84' lang='lat' dir='ltr'><strong>post</strong></span> <span class='ocrx_word' id='word_1_152' title='bbox 1203 2217 1300 2295; x_wconf 82' lang='grc' dir='ltr'><strong><em>όρθέις</em></strong></span> <span class='ocrx_word' id='word_1_153' title='bbox 1311 2226 1412 2281; x_wconf 81' lang='lat' dir='ltr'><strong>lacuna</strong></span> 
     </span>
     <span class='ocr_line' id='line_1_19' title="bbox 176 2303 1063 2378; baseline -0.002 -15"><span class='ocrx_word' id='word_1_154' title='bbox 176 2315 192 2363; x_wconf 87' lang='grc'>4</span> <span class='ocrx_word' id='word_1_155' title='bbox 209 2311 358 2365; x_wconf 79' lang='lat' dir='ltr'><strong>litterarum</strong></span> <span class='ocrx_word' id='word_1_156' title='bbox 377 2312 405 2363; x_wconf 81' lang='lat' dir='ltr'><strong><em>In</em></strong></span> <span class='ocrx_word' id='word_1_157' title='bbox 423 2311 445 2363; x_wconf 85' lang='lat' dir='ltr'>L</span> <span class='ocrx_word' id='word_1_158' title='bbox 467 2312 476 2378; x_wconf 86' lang='grc'><strong><em>11</em></strong></span> <span class='ocrx_word' id='word_1_159' title='bbox 500 2307 576 2366; x_wconf 74' lang='grc' dir='ltr'><strong><em>ἔστιν</em></strong></span> <span class='ocrx_word' id='word_1_160' title='bbox 595 2303 657 2365; x_wconf 63' lang='grc' dir='ltr'><strong><em>ὁἸν</em></strong></span> <span class='ocrx_word' id='word_1_161' title='bbox 679 2312 687 2378; x_wconf 73' lang='lat' dir='ltr'><strong><em>II</em></strong></span> <span class='ocrx_word' id='word_1_162' title='bbox 711 2314 744 2363; x_wconf 76' lang='lat'><strong><em>24</em></strong></span> <span class='ocrx_word' id='word_1_163' title='bbox 761 2304 796 2365; x_wconf 87' lang='grc' dir='ltr'><strong><em>τὸ</em></strong></span> <span class='ocrx_word' id='word_1_164' title='bbox 815 2317 878 2363; x_wconf 83' lang='lat' dir='ltr'>ante</span> <span class='ocrx_word' id='word_1_165' title='bbox 896 2314 941 2366; x_wconf 80' lang='grc' dir='ltr'><strong><em>πῖ..</em></strong></span> <span class='ocrx_word' id='word_1_166' title='bbox 959 2309 1013 2364; x_wconf 83' lang='lat' dir='ltr'><strong><em>add</em></strong></span> <span class='ocrx_word' id='word_1_167' title='bbox 1031 2309 1063 2361; x_wconf 92' lang='lat' dir='ltr'><strong><em>V.</em></strong></span> 
     </span>
    </p>
   </div>
   <div class='ocr_carea' id='block_1_3' title="bbox 717 2533 863 2597">
    <p class='ocr_par' dir='ltr' id='par_1_8' title="bbox 717 2533 863 2597">
     <span class='ocr_line' id='line_1_20' title="bbox 717 2533 863 2597; baseline 0 0"><span class='ocrx_word' id='word_1_168' title='bbox 717 2533 863 2597; x_wconf 83' lang='lat' dir='ltr'>XXXIII</span> 
     </span>
    </p>
   </div>
   <div class='ocr_carea' id='block_1_4' title="bbox 263 2651 1410 2735">
    <p class='ocr_par' dir='ltr' id='par_1_9' title="bbox 263 2651 1410 2735">
     <span class='ocr_line' id='line_1_21' title="bbox 263 2651 1410 2735; baseline 0.002 -17"><span class='ocrx_word' id='word_1_169' title='bbox 263 2654 295 2718; x_wconf 94' lang='lat' dir='ltr'><strong><em>II</em></strong></span> <span class='ocrx_word' id='word_1_170' title='bbox 316 2674 346 2735; x_wconf 89' lang='lat' dir='ltr'><strong><em>p.</em></strong></span> <span class='ocrx_word' id='word_1_171' title='bbox 364 2654 468 2716; x_wconf 78' lang='lat' dir='ltr'><strong><em>214ss</em></strong></span> <span class='ocrx_word' id='word_1_172' title='bbox 492 2651 664 2734; x_wconf 84' lang='lat' dir='ltr'>Signorum</span> <span class='ocrx_word' id='word_1_173' title='bbox 686 2653 778 2716; x_wconf 82' lang='lat' dir='ltr'>initia</span> <span class='ocrx_word' id='word_1_174' title='bbox 800 2653 832 2716; x_wconf 91' lang='lat' dir='ltr'><strong><em>in</em></strong></span> <span class='ocrx_word' id='word_1_175' title='bbox 855 2651 978 2717; x_wconf 81' lang='lat' dir='ltr'>oriente</span> <span class='ocrx_word' id='word_1_176' title='bbox 1000 2651 1138 2716; x_wconf 79' lang='lat' dir='ltr'><strong>versari:</strong></span> <span class='ocrx_word' id='word_1_177' title='bbox 1160 2651 1220 2716; x_wconf 90' lang='lat' dir='ltr'><strong><em>XL</em></strong></span> <span class='ocrx_word' id='word_1_178' title='bbox 1243 2656 1262 2717; x_wconf 89' lang='lat'><strong>3</strong></span> <span class='ocrx_word' id='word_1_179' title='bbox 1286 2673 1317 2735; x_wconf 90' lang='lat' dir='ltr'><strong><em>p.</em></strong></span> <span class='ocrx_word' id='word_1_180' title='bbox 1339 2659 1410 2721; x_wconf 84' lang='lat'><strong>107.</strong></span> 
     </span>
    </p>
   </div>
   <div class='ocr_carea' id='block_1_5' title="bbox 171 2984 1447 3790">
    <p class='ocr_par' dir='ltr' id='par_1_10' title="bbox 171 2984 1447 3790">
     <span class='ocr_line' id='line_1_22' title="bbox 259 2984 1410 3079; baseline 0.003 -23"><span class='ocrx_word' id='word_1_181' title='bbox 259 2993 289 3056; x_wconf 98' lang='lat' dir='ltr'><strong><em>II</em></strong></span> <span class='ocrx_word' id='word_1_182' title='bbox 312 3012 340 3074; x_wconf 87' lang='lat' dir='ltr'><strong><em>p.</em></strong></span> <span class='ocrx_word' id='word_1_183' title='bbox 359 2991 467 3054; x_wconf 80' lang='lat'>2141)</span> <span class='ocrx_word' id='word_1_184' title='bbox 490 2984 507 3054; x_wconf 88' lang='grc' dir='ltr'><strong><em>δ</em></strong></span> <span class='ocrx_word' id='word_1_185' title='bbox 526 2988 562 3053; x_wconf 81' lang='grc' dir='ltr'><strong><em>δέ·</em></strong></span> <span class='ocrx_word' id='word_1_186' title='bbox 578 2990 796 3058; x_wconf 71' lang='grc' dir='ltr'><em>ΕΥΔΟΞΟΣ</em></span> <span class='ocrx_word' id='word_1_187' title='bbox 813 2986 1109 3072; x_wconf 71' lang='grc' dir='ltr'><strong><em>ἐξαριθμούμενος,</em></strong></span> <span class='ocrx_word' id='word_1_188' title='bbox 1132 2986 1198 3054; x_wconf 87' lang='grc' dir='ltr'><strong><em>όσα</em></strong></span> <span class='ocrx_word' id='word_1_189' title='bbox 1213 2988 1305 3057; x_wconf 77' lang='grc' dir='ltr'><strong><em>ἐστὶν</em></strong></span> <span class='ocrx_word' id='word_1_190' title='bbox 1321 2988 1410 3079; x_wconf 78' lang='grc' dir='ltr'><strong><em>ὑπὲρ</em></strong></span> 
     </span>
     <span class='ocr_line' id='line_1_23' title="bbox 173 3083 1410 3179; baseline 0.005 -23"><span class='ocrx_word' id='word_1_191' title='bbox 173 3095 233 3177; x_wconf 71' lang='grc' dir='ltr'><strong><em>γῆς</em></strong></span> <span class='ocrx_word' id='word_1_192' title='bbox 254 3095 313 3157; x_wconf 84' lang='grc' dir='ltr'><strong><em>τού</em></strong></span> <span class='ocrx_word' id='word_1_193' title='bbox 338 3097 503 3176; x_wconf 90' lang='grc' dir='ltr'><strong><em>Καρκίνου</em></strong></span> <span class='ocrx_word' id='word_1_194' title='bbox 528 3086 708 3174; x_wconf 73' lang='grc' dir='ltr'><strong><em>ἀρχομένου</em></strong></span> <span class='ocrx_word' id='word_1_195' title='bbox 739 3083 945 3170; x_wconf 75' lang='grc' dir='ltr'><strong><em>ἀνατέλλειν,</em></strong></span> <span class='ocrx_word' id='word_1_196' title='bbox 976 3093 1061 3177; x_wconf 79' lang='grc' dir='ltr'><strong><em>φησὶ</em></strong></span> <span class='ocrx_word' id='word_1_197' title='bbox 1083 3088 1142 3156; x_wconf 87' lang='grc' dir='ltr'><strong><em>τόν</em></strong></span> <span class='ocrx_word' id='word_1_198' title='bbox 1160 3084 1410 3179; x_wconf 76' lang='grc' dir='ltr'><strong><em>Ἐγγο&lt;ύ&gt;νασιν</em></strong></span> 
     </span>
     <span class='ocr_line' id='line_1_24' title="bbox 175 3183 1411 3281; baseline 0.002 -21"><span class='ocrx_word' id='word_1_199' title='bbox 175 3186 254 3260; x_wconf 85' lang='grc' dir='ltr'><strong><em>όλον</em></strong></span> <span class='ocrx_word' id='word_1_200' title='bbox 278 3190 364 3259; x_wconf 83' lang='grc' dir='ltr'><strong><em>εἶναι</em></strong></span> <span class='ocrx_word' id='word_1_201' title='bbox 381 3192 535 3280; x_wconf 88' lang='grc' dir='ltr'><strong><em>φανερόν,</em></strong></span> <span class='ocrx_word' id='word_1_202' title='bbox 558 3194 617 3257; x_wconf 79' lang='grc' dir='ltr'><strong><em>τοῦ</em></strong></span> <span class='ocrx_word' id='word_1_203' title='bbox 634 3191 669 3256; x_wconf 81' lang='grc' dir='ltr'><strong><em>δὲ</em></strong></span> <span class='ocrx_word' id='word_1_204' title='bbox 684 3190 857 3278; x_wconf 81' lang='grc' dir='ltr'><strong><em>Στεφάνου</em></strong></span> <span class='ocrx_word' id='word_1_205' title='bbox 873 3189 910 3256; x_wconf 87' lang='grc' dir='ltr'><strong><em>τό</em></strong></span> <span class='ocrx_word' id='word_1_206' title='bbox 928 3183 1030 3277; x_wconf 69' lang='grc' dir='ltr'><strong><em>ἥμισυ</em></strong></span> <span class='ocrx_word' id='word_1_207' title='bbox 1045 3194 1102 3258; x_wconf 82' lang='grc' dir='ltr'><strong><em>καὶ</em></strong></span> <span class='ocrx_word' id='word_1_208' title='bbox 1117 3189 1177 3279; x_wconf 79' lang='grc' dir='ltr'><strong><em>τὴν</em></strong></span> <span class='ocrx_word' id='word_1_209' title='bbox 1192 3196 1253 3258; x_wconf 84' lang='grc' dir='ltr'><strong><em>τοῦ</em></strong></span> <span class='ocrx_word' id='word_1_210' title='bbox 1267 3188 1411 3281; x_wconf 79' lang='grc' dir='ltr'><strong><em>Ἀρκτο-</em></strong></span> 
     </span>
     <span class='ocr_line' id='line_1_25' title="bbox 175 3286 1410 3385; baseline 0.002 -23"><span class='ocrx_word' id='word_1_211' title='bbox 175 3291 321 3380; x_wconf 80' lang='grc' dir='ltr'><strong><em>φύλακος</em></strong></span> <span class='ocrx_word' id='word_1_212' title='bbox 343 3292 490 3382; x_wconf 74' lang='grc' dir='ltr'><strong><em>κεφαλὴν</em></strong></span> <span class='ocrx_word' id='word_1_213' title='bbox 513 3295 567 3358; x_wconf 82' lang='grc' dir='ltr'><strong><em>καὶ</em></strong></span> <span class='ocrx_word' id='word_1_214' title='bbox 591 3289 650 3377; x_wconf 78' lang='grc' dir='ltr'><strong><em>τὴν</em></strong></span> <span class='ocrx_word' id='word_1_215' title='bbox 673 3295 732 3358; x_wconf 84' lang='grc' dir='ltr'><strong><em>τοῦ</em></strong></span> <span class='ocrx_word' id='word_1_216' title='bbox 750 3286 929 3379; x_wconf 82' lang='grc' dir='ltr'><strong><em>Ὀφιούχου</em></strong></span> <span class='ocrx_word' id='word_1_217' title='bbox 952 3290 1099 3380; x_wconf 81' lang='grc' dir='ltr'><strong><em>κεφαλὴν</em></strong></span> <span class='ocrx_word' id='word_1_218' title='bbox 1128 3294 1182 3359; x_wconf 83' lang='grc' dir='ltr'><strong><em>καὶ</em></strong></span> <span class='ocrx_word' id='word_1_219' title='bbox 1211 3292 1272 3380; x_wconf 75' lang='grc' dir='ltr'><strong><em>τὴν</em></strong></span> <span class='ocrx_word' id='word_1_220' title='bbox 1303 3290 1410 3385; x_wconf 82' lang='grc' dir='ltr'><strong><em>σύρδν</em></strong></span> 
     </span>
     <span class='ocr_line' id='line_1_26' title="bbox 173 3387 1447 3482; baseline 0.004 -19"><span class='ocrx_word' id='word_1_221' title='bbox 173 3402 232 3464; x_wconf 78' lang='grc' dir='ltr'><strong><em>τοῦ</em></strong></span> <span class='ocrx_word' id='word_1_222' title='bbox 256 3400 411 3480; x_wconf 68' lang='grc' dir='ltr'><strong><em>ἐχομένου</em></strong></span> <span class='ocrx_word' id='word_1_223' title='bbox 429 3391 576 3482; x_wconf 84' lang='grc' dir='ltr'><strong><em>Ὄφεως,</em></strong></span> <span class='ocrx_word' id='word_1_224' title='bbox 606 3397 672 3458; x_wconf 77' lang='grc' dir='ltr'><strong><em>τῶν</em></strong></span> <span class='ocrx_word' id='word_1_225' title='bbox 703 3394 738 3458; x_wconf 81' lang='grc' dir='ltr'><strong><em>δὲ</em></strong></span> <span class='ocrx_word' id='word_1_226' title='bbox 768 3392 855 3476; x_wconf 85' lang='grc' dir='ltr'><strong><em>πρὸς</em></strong></span> <span class='ocrx_word' id='word_1_227' title='bbox 883 3393 980 3460; x_wconf 86' lang='grc' dir='ltr'><strong><em>νότον</em></strong></span> <span class='ocrx_word' id='word_1_228' title='bbox 1004 3392 1143 3477; x_wconf 88' lang='grc' dir='ltr'><strong><em>Ωρίωνα</em></strong></span> <span class='ocrx_word' id='word_1_229' title='bbox 1164 3387 1244 3461; x_wconf 86' lang='grc' dir='ltr'><strong><em>δλον</em></strong></span> <span class='ocrx_word' id='word_1_230' title='bbox 1265 3400 1324 3464; x_wconf 78' lang='grc' dir='ltr'><strong><em>καὶ</em></strong></span> <span class='ocrx_word' id='word_1_231' title='bbox 1347 3404 1447 3468; x_wconf 72' lang='grc' dir='ltr'><strong><em>τσῦῡ</em></strong></span> 
     </span>
     <span class='ocr_line' id='line_1_27' title="bbox 172 3480 1410 3584; baseline 0.002 -19"><span class='ocrx_word' id='word_1_232' title='bbox 172 3506 283 3565; x_wconf 80' lang='grc' dir='ltr'><strong><em>νοτίου</em></strong></span> <span class='ocrx_word' id='word_1_233' title='bbox 303 3495 431 3579; x_wconf 77' lang='grc' dir='ltr'><strong><em>Ἰχθύος</em></strong></span> <span class='ocrx_word' id='word_1_234' title='bbox 453 3496 490 3564; x_wconf 91' lang='grc' dir='ltr'><strong><em>τδ</em></strong></span> <span class='ocrx_word' id='word_1_235' title='bbox 515 3495 603 3582; x_wconf 81' lang='grc' dir='ltr'><strong><em>πρός</em></strong></span> <span class='ocrx_word' id='word_1_236' title='bbox 626 3493 684 3584; x_wconf 73' lang='grc' dir='ltr'><strong><em>τὴν</em></strong></span> <span class='ocrx_word' id='word_1_237' title='bbox 707 3494 863 3583; x_wconf 72' lang='grc' dir='ltr'><strong><em>κεφαλήν.</em></strong></span> <span class='ocrx_word' id='word_1_238' title='bbox 908 3490 925 3560; x_wconf 88' lang='grc' dir='ltr'><strong><em>ό</em></strong></span> <span class='ocrx_word' id='word_1_239' title='bbox 954 3494 1015 3575; x_wconf 82' lang='grc' dir='ltr'><strong><em>μὲν</em></strong></span> <span class='ocrx_word' id='word_1_240' title='bbox 1045 3480 1103 3561; x_wconf 83' lang='grc' dir='ltr'><strong><em>σύν</em></strong></span> <span class='ocrx_word' id='word_1_241' title='bbox 1125 3499 1299 3583; x_wconf 81' lang='grc' dir='ltr'><strong><em>Στέφανος</em></strong></span> <span class='ocrx_word' id='word_1_242' title='bbox 1322 3501 1410 3567; x_wconf 82' lang='grc' dir='ltr'><strong><em>κατὰ</em></strong></span> 
     </span>
     <span class='ocr_line' id='line_1_28' title="bbox 171 3595 1414 3685; baseline 0.004 -20"><span class='ocrx_word' id='word_1_243' title='bbox 171 3599 230 3667; x_wconf 87' lang='grc' dir='ltr'><strong><em>τόν</em></strong></span> <span class='ocrx_word' id='word_1_244' title='bbox 246 3595 386 3685; x_wconf 77' lang='grc' dir='ltr'><strong><em>Ἄρατον</em></strong></span> <span class='ocrx_word' id='word_1_245' title='bbox 410 3599 543 3685; x_wconf 73' lang='grc' dir='ltr'><strong><em>ἔγγιστα</em></strong></span> <span class='ocrx_word' id='word_1_246' title='bbox 560 3611 734 3684; x_wconf 84' lang='grc' dir='ltr'><strong><em>συμφωνεῖ</em></strong></span> <span class='ocrx_word' id='word_1_247' title='bbox 749 3648 756 3662; x_wconf 94' lang='grc'><strong>.</strong></span> <span class='ocrx_word' id='word_1_248' title='bbox 774 3648 781 3662; x_wconf 95' lang='grc'><strong>.</strong></span> <span class='ocrx_word' id='word_1_249' title='bbox 799 3648 807 3663; x_wconf 94' lang='grc'><strong>.</strong></span> <span class='ocrx_word' id='word_1_250' title='bbox 823 3596 907 3662; x_wconf 87' lang='grc' dir='ltr'><strong><em>κατὰ</em></strong></span> <span class='ocrx_word' id='word_1_251' title='bbox 922 3601 1089 3680; x_wconf 76' lang='grc' dir='ltr'><strong><em>μέντοιγε</em></strong></span> <span class='ocrx_word' id='word_1_252' title='bbox 1104 3595 1163 3663; x_wconf 87' lang='grc' dir='ltr'><strong><em>τόν</em></strong></span> <span class='ocrx_word' id='word_1_253' title='bbox 1178 3601 1414 3675; x_wconf 83' lang='grc' dir='ltr'><em>ΕΥΔΟΞΟΝ</em></span> 
     </span>
     <span class='ocr_line' id='line_1_29' title="bbox 173 3692 1409 3790; baseline 0.002 -23"><span class='ocrx_word' id='word_1_254' title='bbox 173 3702 328 3790; x_wconf 71' lang='grc' dir='ltr'><strong><em>δηλονότι</em></strong></span> <span class='ocrx_word' id='word_1_255' title='bbox 344 3702 517 3788; x_wconf 87' lang='grc' dir='ltr'><strong><em>διαφωνεῖ,</em></strong></span> <span class='ocrx_word' id='word_1_256' title='bbox 543 3700 683 3780; x_wconf 79' lang='grc' dir='ltr'><strong><em>ἐπείπερ</em></strong></span> <span class='ocrx_word' id='word_1_257' title='bbox 708 3695 725 3786; x_wconf 73' lang='grc' dir='ltr'><em>ἡ</em></span> <span class='ocrx_word' id='word_1_258' title='bbox 750 3692 831 3786; x_wconf 78' lang='grc' dir='ltr'><strong><em>ἀρχὴ</em></strong></span> <span class='ocrx_word' id='word_1_259' title='bbox 849 3701 909 3764; x_wconf 83' lang='grc' dir='ltr'><strong><em>τοῦ</em></strong></span> <span class='ocrx_word' id='word_1_260' title='bbox 924 3703 1092 3782; x_wconf 81' lang='grc' dir='ltr'><strong><em>Καρκίνου</em></strong></span> <span class='ocrx_word' id='word_1_261' title='bbox 1107 3692 1182 3764; x_wconf 74' lang='grc' dir='ltr'><strong><em>κατ’</em></strong></span> <span class='ocrx_word' id='word_1_262' title='bbox 1202 3693 1305 3768; x_wconf 80' lang='grc' dir='ltr'><strong><em>αὐτόν</em></strong></span> <span class='ocrx_word' id='word_1_263' title='bbox 1321 3704 1409 3770; x_wconf 84' lang='grc' dir='ltr'><strong><em>κατὰ</em></strong></span> 
     </span>
    </p>
   </div>
   <div class='ocr_carea' id='block_1_6' title="bbox 55 3799 1407 3897">
    <p class='ocr_par' dir='ltr' id='par_1_11' title="bbox 55 3799 1407 3897">
     <span class='ocr_line' id='line_1_30' title="bbox 55 3799 1407 3897; baseline 0.001 -27"><span class='ocrx_word' id='word_1_264' title='bbox 55 3828 59 3834; x_wconf 86' lang='grc'><em>·</em></span> <span class='ocrx_word' id='word_1_265' title='bbox 86 3892 89 3897; x_wconf 82' lang='lat'>.</span> <span class='ocrx_word' id='word_1_266' title='bbox 172 3810 274 3888; x_wconf 80' lang='grc' dir='ltr'><strong><em>μέσον</em></strong></span> <span class='ocrx_word' id='word_1_267' title='bbox 307 3804 378 3869; x_wconf 78' lang='grc' dir='ltr'><strong><em>ἐστὶ</em></strong></span> <span class='ocrx_word' id='word_1_268' title='bbox 411 3802 448 3869; x_wconf 87' lang='grc' dir='ltr'><strong><em>τό</em></strong></span> <span class='ocrx_word' id='word_1_269' title='bbox 484 3806 549 3868; x_wconf 81' lang='grc' dir='ltr'><strong><em>των</em></strong></span> <span class='ocrx_word' id='word_1_270' title='bbox 578 3801 738 3883; x_wconf 77' lang='grc' dir='ltr'><strong><em>Διδύμων</em></strong></span> <span class='ocrx_word' id='word_1_271' title='bbox 773 3799 1072 3888; x_wconf 80' lang='grc' dir='ltr'><strong><em>δωδεκατημόριον.</em></strong></span> <span class='ocrx_word' id='word_1_272' title='bbox 1116 3799 1173 3865; x_wconf 77' lang='grc' dir='ltr'><strong><em>ἵνα</em></strong></span> <span class='ocrx_word' id='word_1_273' title='bbox 1202 3800 1239 3867; x_wconf 78' lang='grc' dir='ltr'><strong><em>δὲ</em></strong></span> <span class='ocrx_word' id='word_1_274' title='bbox 1268 3801 1317 3891; x_wconf 81' lang='grc' dir='ltr'><strong><em>μὴ</em></strong></span> <span class='ocrx_word' id='word_1_275' title='bbox 1348 3804 1407 3873; x_wconf 84' lang='grc' dir='ltr'><strong><em>διὰ</em></strong></span> 
     </span>
    </p>
   </div>
   <div class='ocr_carea' id='block_1_7' title="bbox 172 3900 1459 3995">
    <p class='ocr_par' dir='ltr' id='par_1_12' title="bbox 172 3900 1459 3995">
     <span class='ocr_line' id='line_1_31' title="bbox 172 3900 1459 3995; baseline 0.002 -25"><span class='ocrx_word' id='word_1_276' title='bbox 172 3904 300 3983; x_wconf 84' lang='grc' dir='ltr'><strong><em>παντὸς</em></strong></span> <span class='ocrx_word' id='word_1_277' title='bbox 330 3904 636 3992; x_wconf 70' lang='grc' dir='ltr'><strong><em>έπισημαινιόμεθα</em></strong></span> <span class='ocrx_word' id='word_1_278' title='bbox 664 3907 778 3983; x_wconf 78' lang='grc' dir='ltr'><strong><em>τούτο,</em></strong></span> <span class='ocrx_word' id='word_1_279' title='bbox 810 3904 1013 3993; x_wconf 85' lang='grc' dir='ltr'><strong><em>διαληπτέον</em></strong></span> <span class='ocrx_word' id='word_1_280' title='bbox 1041 3900 1209 3984; x_wconf 87' lang='grc' dir='ltr'><strong><em>καθόλου,</em></strong></span> <span class='ocrx_word' id='word_1_281' title='bbox 1241 3905 1334 3973; x_wconf 89' lang='grc' dir='ltr'><strong><em>διότι</em></strong></span> <span class='ocrx_word' id='word_1_282' title='bbox 1361 3907 1406 3995; x_wconf 75' lang='grc' dir='ltr'><strong><em>μὴ</em></strong></span> <span class='ocrx_word' id='word_1_283' title='bbox 1432 3930 1459 3981; x_wconf 80' lang='grc' dir='ltr'><strong><em>ισ</em></strong></span> 
     </span>
    </p>
   </div>
   <div class='ocr_carea' id='block_1_8' title="bbox 168 4065 1409 4380">
    <p class='ocr_par' dir='ltr' id='par_1_13' title="bbox 168 4065 1409 4380">
     <span class='ocr_line' id='line_1_32' title="bbox 258 4065 1405 4144; baseline 0.003 -17"><span class='ocrx_word' id='word_1_284' title='bbox 258 4065 380 4144; x_wconf 80' lang='grc' dir='ltr'><strong><em>4όφίσν</em></strong></span> <span class='ocrx_word' id='word_1_285' title='bbox 399 4073 423 4125; x_wconf 91' lang='lat' dir='ltr'><strong>V</strong></span> <span class='ocrx_word' id='word_1_286' title='bbox 443 4073 452 4140; x_wconf 86' lang='grc' dir='ltr'><strong><em>ΙΙ</em></strong></span> <span class='ocrx_word' id='word_1_287' title='bbox 478 4078 493 4124; x_wconf 80' lang='grc'><strong>5</strong></span> <span class='ocrx_word' id='word_1_288' title='bbox 518 4067 571 4128; x_wconf 85' lang='grc' dir='ltr'><strong><em>τόν</em></strong></span> <span class='ocrx_word' id='word_1_289' title='bbox 594 4072 623 4128; x_wconf 78' lang='grc' dir='ltr'><strong><em>δὲ</em></strong></span> <span class='ocrx_word' id='word_1_290' title='bbox 641 4071 702 4126; x_wconf 88' lang='lat' dir='ltr'><strong><em>LV:</em></strong></span> <span class='ocrx_word' id='word_1_291' title='bbox 727 4072 844 4139; x_wconf 83' lang='lat' dir='ltr'>correxi3</span> <span class='ocrx_word' id='word_1_292' title='bbox 869 4071 961 4127; x_wconf 85' lang='lat' dir='ltr'><strong>itidem</strong></span> <span class='ocrx_word' id='word_1_293' title='bbox 985 4070 1049 4126; x_wconf 79' lang='lat' dir='ltr'><strong>olim</strong></span> <span class='ocrx_word' id='word_1_294' title='bbox 1072 4070 1191 4140; x_wconf 67' lang='lat' dir='ltr'><strong><em>ScuIIger</em></strong></span> <span class='ocrx_word' id='word_1_295' title='bbox 1216 4074 1228 4143; x_wconf 92' lang='grc' dir='ltr'>Ι</span> <span class='ocrx_word' id='word_1_296' title='bbox 1256 4069 1351 4133; x_wconf 81' lang='grc' dir='ltr'><strong><em>νότον</em></strong></span> <span class='ocrx_word' id='word_1_297' title='bbox 1367 4076 1405 4131; x_wconf 84' lang='lat' dir='ltr'><strong><em>L:</em></strong></span> 
     </span>
     <span class='ocr_line' id='line_1_33' title="bbox 170 4150 1409 4237; baseline 0.004 -25"><span class='ocrx_word' id='word_1_298' title='bbox 170 4150 236 4212; x_wconf 82' lang='grc' dir='ltr'><strong><em>νότ’</em></strong></span> <span class='ocrx_word' id='word_1_299' title='bbox 254 4157 280 4210; x_wconf 91' lang='lat' dir='ltr'><strong>V</strong></span> <span class='ocrx_word' id='word_1_300' title='bbox 302 4159 311 4225; x_wconf 81' lang='grc' dir='ltr'><strong><em>ΙΙ</em></strong></span> <span class='ocrx_word' id='word_1_301' title='bbox 332 4163 347 4211; x_wconf 78' lang='grc'>9</span> <span class='ocrx_word' id='word_1_302' title='bbox 365 4155 443 4213; x_wconf 81' lang='grc' dir='ltr'><strong><em>ἐστὶν</em></strong></span> <span class='ocrx_word' id='word_1_303' title='bbox 460 4158 483 4210; x_wconf 93' lang='lat' dir='ltr'>L</span> <span class='ocrx_word' id='word_1_304' title='bbox 505 4165 513 4221; x_wconf 67' lang='lat' dir='ltr'>u</span> <span class='ocrx_word' id='word_1_305' title='bbox 536 4153 569 4213; x_wconf 84' lang='grc' dir='ltr'><strong><em>τὸ</em></strong></span> <span class='ocrx_word' id='word_1_306' title='bbox 590 4157 627 4212; x_wconf 87' lang='lat' dir='ltr'><strong><em>V:</em></strong></span> <span class='ocrx_word' id='word_1_307' title='bbox 647 4161 699 4213; x_wconf 83' lang='grc' dir='ltr'><strong><em>τοῦ</em></strong></span> <span class='ocrx_word' id='word_1_308' title='bbox 717 4156 753 4225; x_wconf 86' lang='lat' dir='ltr'><strong><em>L;</em></strong></span> <span class='ocrx_word' id='word_1_309' title='bbox 773 4155 866 4226; x_wconf 85' lang='grc' dir='ltr'><strong><em>μέσον</em></strong></span> <span class='ocrx_word' id='word_1_310' title='bbox 882 4155 943 4213; x_wconf 83' lang='grc' dir='ltr'><strong><em>ἐστὶ</em></strong></span> <span class='ocrx_word' id='word_1_311' title='bbox 961 4160 1013 4214; x_wconf 82' lang='grc' dir='ltr'><strong><em>τοῦ</em></strong></span> <span class='ocrx_word' id='word_1_312' title='bbox 1026 4159 1175 4231; x_wconf 78' lang='grc' dir='ltr'><strong><em>Καρκίνου</em></strong></span> <span class='ocrx_word' id='word_1_313' title='bbox 1186 4158 1251 4213; x_wconf 79' lang='grc' dir='ltr'><strong><em>συσὶ</em></strong></span> <span class='ocrx_word' id='word_1_314' title='bbox 1264 4158 1409 4237; x_wconf 71' lang='lat' dir='ltr'><strong>Scaliger}</strong></span> 
     </span>
     <span class='ocr_line' id='line_1_34' title="bbox 169 4236 1407 4314; baseline 0.006 -18"><span class='ocrx_word' id='word_1_315' title='bbox 169 4239 417 4313; x_wconf 80' lang='grc' dir='ltr'><strong><em>δωδεκατημόριον</em></strong></span> <span class='ocrx_word' id='word_1_316' title='bbox 430 4243 467 4294; x_wconf 86' lang='lat' dir='ltr'><strong><em>V:</em></strong></span> <span class='ocrx_word' id='word_1_317' title='bbox 487 4272 519 4281; x_wconf 92' lang='lat'><em>-</em></span> <span class='ocrx_word' id='word_1_318' title='bbox 533 4243 578 4297; x_wconf 89' lang='grc' dir='ltr'><strong><em>ίσυ</em></strong></span> <span class='ocrx_word' id='word_1_319' title='bbox 590 4241 613 4293; x_wconf 93' lang='lat' dir='ltr'>L</span> <span class='ocrx_word' id='word_1_320' title='bbox 637 4243 646 4308; x_wconf 90' lang='grc' dir='ltr'><strong><em>ΙΙ</em></strong></span> <span class='ocrx_word' id='word_1_321' title='bbox 670 4247 699 4295; x_wconf 88' lang='grc'><strong><em>10</em></strong></span> <span class='ocrx_word' id='word_1_322' title='bbox 717 4236 755 4312; x_wconf 83' lang='grc' dir='ltr'><strong><em>μὴ</em></strong></span> <span class='ocrx_word' id='word_1_323' title='bbox 769 4241 908 4296; x_wconf 80' lang='lat' dir='ltr'><strong>Petavius:</strong></span> <span class='ocrx_word' id='word_1_324' title='bbox 926 4238 1051 4314; x_wconf 64' lang='grc' dir='ltr'><strong><em>μόμηλ,</em></strong></span> <span class='ocrx_word' id='word_1_325' title='bbox 1063 4236 1290 4313; x_wconf 76' lang='grc' dir='ltr'><strong><em>ωιεμὴιιουω</em></strong></span> <span class='ocrx_word' id='word_1_326' title='bbox 1302 4247 1407 4303; x_wconf 71' lang='grc' dir='ltr'><strong><em>41ἰ11ε·</em></strong></span> 
     </span>
     <span class='ocr_line' id='line_1_35' title="bbox 168 4326 354 4380; baseline 0.005 -1"><span class='ocrx_word' id='word_1_327' title='bbox 168 4326 354 4380; x_wconf 67' lang='lat' dir='ltr'><strong><em>mmmh</em></strong></span> 
     </span>
    </p>
   </div>
   <div class='ocr_carea' id='block_1_9' title="bbox 0 0 1592 5160">
    <p class='ocr_par' dir='ltr' id='par_1_14' title="bbox 0 0 1592 5160">
     <span class='ocr_line' id='line_1_36' title="bbox 0 0 1592 5160; baseline 0 5"><span class='ocrx_word' id='word_1_328' title='bbox 0 0 1592 5160; x_wconf 95' lang='lat' dir='ltr'><strong><em> </em></strong></span> 
     </span>
    </p>
   </div>
  </div>
 </body>
</html>
