3174 5160
769 367 921 421 ARATEA

357 539 553 622 ἕμιτρύσδια
569 541 625 603 καὶ
642 534 659 604 d
677 534 840 623 Προκύιον
860 543 915 603 καὶ
940 542 998 604 τού
1013 532 1132 621 (Ὑδρου
1154 534 1173 624 ἡ
1198 537 1336 626 κεφαλή.
1372 538 1464 604 δύνει

360 642 395 706 δὲ
416 644 482 705 τιῦν
504 640 564 722 μὲν
588 637 674 723 ττρύς
698 635 836 722 ἄρκτους
859 637 878 726 ἡ
902 644 961 705 τοῦ
983 640 1249 729 Άρκτοηνύλακος
1272 639 1410 728 κεφαλή.

230 744 330 827 δῆλον
343 728 410 822 σύν,
428 735 481 807 ὅτι
492 740 575 807 κατὰ
588 740 646 807 τὸν
661 745 886 813 ΕΥΔΟΞΟΝ
899 739 940 806 τὰ
952 742 1012 823 μὲν
1024 746 1143 827 πρώτα
1158 749 1240 831 μέρη
1256 745 1316 808 τοῦ
1327 735 1463 827 Ἀρκτο-

230 844 377 932 φύλακος
402 838 655 910 ἆντικαταδύνει
677 847 725 929 τη]
741 847 846 930 Κριηῖ,
869 843 911 909 τὰ
936 845 970 909 δὲ
994 844 1116 925 ἔσχατα
1139 848 1187 931 τη]
1203 851 1359 930 Καρκίνιμ
1382 837 1460 910 κτλ.)

228 949 375 1014 Ρ217Β
406 939 444 1010 ού
467 945 570 1028 μόνον
594 946 629 1010 δὲ
656 941 673 1011 ὁ
697 939 837 1034 Ἄρατος
859 949 913 1013 καὶ
937 942 954 1012 ὁ
980 948 1211 1020 ΕΥΔΟΞΟΣ,
1242 941 1407 1012 ἀλλὰκαὶ
1431 946 1464 1012 οἱ

230 1050 345 1115 λοιποὶ
370 1050 608 1134 μαθηματικοί
631 1046 756 1123 πάντες
779 1046 905 1128 σχεδόν,
929 1040 1005 1114 ὅσοι
1028 1052 1107 1132 περὶ
1129 1052 1188 1114 τού
1205 1047 1347 1114 Βοώτεω
1365 1047 1464 1133 λόγον

229 1157 446 1238 πεποίηνται,
470 1146 596 1232 ὁμοίως
611 1149 745 1225 τούτοις
761 1143 1076 1236 ύιιτοντεντλάνηνται,
1099 1149 1287 1232 νομίζοντες
1302 1155 1465 1233 τέσσαρσι

230 1251 364 1337 ζῳδίοις
388 1245 489 1316 αύτδν
513 1250 778 1335 σογκαταδύνειν.
825 1253 982 1336 Sequitur
999 1254 1100 1318 Attali
1122 1255 1159 1318 fr.
1177 1257 1217 1317 24
1240 1274 1271 1337 p.
1286 1254 1376 1319 XIX.

317 1439 439 1517 Quodsi
461 1433 585 1505 ‘omnes
608 1432 821 1506 astronomos’
848 1440 889 1504 de
908 1440 1009 1506 Ursae
1033 1440 1165 1505 custode
1185 1460 1307 1506 errasse
1324 1440 1465 1525 Hippar-

230 1542 310 1609 ehus
332 1543 522 1623 cognovisse
546 1543 606 1608 sibi
623 1541 761 1624 videtur,
785 1543 896 1625 Aratu,
920 1551 1030 1626 utpote
1054 1542 1109 1624 qui
1131 1563 1152 1606 a
1174 1544 1332 1608 communi
1356 1562 1464 1608 errore

229 1665 293 1710 nun
316 1645 467 1709 immunis
491 1651 594 1721 esset,
618 1643 824 1726 Hipparchus
852 1665 915 1709 nun
946 1645 1088 1710 debebat
1117 1644 1320 1710 exscribendi
1344 1644 1464 1728 impru-

230 1746 373 1812 dentiam
403 1746 600 1827 exprobrari.
624 1780 665 1788 —
688 1742 721 1809 ἕν
746 1738 829 1830 ἀρχῇ
851 1747 910 1809 τού
930 1740 1033 1829 (Περὶ
1055 1747 1121 1809 τιῦν
1151 1736 1335 1809 ἆνατολιῦν’
1364 1744 1464 1829 λόγου

230 1849 364 1913 κλέονται
396 1839 720 1911 ‘Phaenomenorum'
758 1849 987 1931 tripertitorum
1026 1855 1149 1931 partem
1190 1846 1358 1930 signifieat.
1415 1847 1464 1912 cf.

231 1951 289 2015 eel.
313 1949 401 2013 XIX.

770 2120 929 2185 XXXVII

315 2238 346 2301 II
369 2257 400 2319 p.
417 2239 480 2300 218
499 2239 523 2301 a
546 2238 596 2303 De
619 2239 736 2304 Leonis
760 2248 844 2303 ertu:
869 2239 949 2302 XXI
972 2245 991 2301 4
1013 2261 1043 2322 p.
1062 2242 1111 2303 87.

760 2419 933 2490 XXXVIII

317 2544 347 2605 II
371 2564 401 2625 p.
420 2543 564 2608 21901)
588 2544 637 2608 De
661 2552 731 2609 ortu
748 2545 898 2626 Virginis,
923 2545 963 2608 uf.
979 2544 1039 2609 XL
1054 2565 1083 2627 p.
1106 2548 1174 2608 106.
1214 2545 1340 2610 Deinde
1358 2546 1465 2628 pergit

232 2644 438 2728 Hipparchus
455 2646 497 2708 ib.
514 2646 557 2708 E:
581 2643 614 2708 ἐν
636 2644 696 2725 μὲν
719 2630 776 2708 οἶν
799 2658 870 2720 τοῖς
891 2640 1005 2721 ύλλοις
1021 2647 1239 2730 συμφωνοῦσι
1254 2658 1326 2722 τοῖς
1342 2669 1464 2731 φαινο-

230 2747 343 2826 μένοις
366 2747 495 2821 (Aratus
525 2753 556 2810 et
581 2749 773 2825 Eunones),
804 2742 821 2812 δ
853 2746 889 2811 δὲ
914 2740 1045 2823 Ὀιστὸς
1075 2740 1113 2812 ού
1143 2750 1190 2832 τη]
1213 2752 1341 2813 Λέοντι
1371 2740 1464 2813 ἄντι-

231 2843 408 2910 καταδύνει
429 2845 542 2927 μόνον,
568 2841 652 2912 ἀλλὰ
675 2851 729 2913 καὶ
754 2852 802 2933 τη]
823 2855 989 2933 Καρκίνηι.
1030 2843 1165 2931 ἄρχεται
1187 2847 1330 2934 μὲνγὰρ
1354 2848 1464 2915 δύνειν

232 2940 475 3035 ἀνατελλούσης
489 2953 592 3036 με’σης
606 2952 664 3035 τῆς
681 2948 825 3040 ἑβδόμης
839 2954 894 3016 καὶ
913 2950 1062 3039 εἰκοστῆς
1078 2957 1199 3035 μοίρας
1213 2954 1273 3016 τού
1285 2955 1463 3033 Καρκίνου,
1488 2971 1503 3018 ιν

233 3049 323 3134 λύγοι
358 3049 393 3113 δὲ
427 3049 535 3116 δύνειν
570 3044 814 3140 ἀνατελλούσης
846 3058 949 3141 μέσης
982 3057 1041 3139 της
1071 3054 1226 3135 δευτέρας
1254 3058 1376 3136 μοίρας
1404 3055 1465 3117 τού

231 3157 398 3228 Λέοντος·
423 3147 440 3217 ὁ
466 3151 502 3216 δὲ
526 3145 594 3219 dard
619 3157 678 3218 τού
695 3147 852 3238 Ὠρίωνος
868 3155 1030 3238 Ποταμὸς
1053 3150 1091 3220 ού
1113 3158 1161 3240 τη]
1176 3160 1305 3222 Λέοντι
1327 3149 1465 3240 δι’ρχεται

232 3247 516 3333 ἀντικαταδύνειν,
552 3250 597 3330 ὡς
631 3256 664 3320 οἱ
697 3259 778 3340 ντερὶ
810 3256 868 3322 τὸν
898 3260 1120 3328 ΕΥΔΟΞΟΝ
1147 3264 1268 3344 φασίν,
1304 3251 1389 3322 ἀλλὰ
1422 3259 1465 3343 τῇ

230 3360 411 3441 Παρθένῳ.

316 3494 331 3542 6
349 3486 440 3545 δύνων
457 3490 513 3541 LV.

774 3649 919 3713 XXXIX

316 3766 348 3830 II
371 3786 401 3848 p.
419 3766 523 3828 221ss
554 3767 603 3831 De
628 3764 786 3831 Forfieunr
817 3776 887 3833 ortu
919 3770 968 3844 (ei.
1000 3789 1096 3851 supra
1118 3789 1148 3853 p.
1168 3771 1290 3852 Ibsqb.
1336 3765 1464 3833 Deinde

233 3867 340 3949 pergit
355 3865 560 3949 Hipparchus
578 3866 618 3931 C:
641 3863 683 3929 τὰ
706 3867 765 3948 μὲν
790 3853 846 3932 σύν
870 3866 975 3933 λοιιτὰ
998 3861 1059 3932 ύιτ)
1080 3861 1187 3934 αὐτῶν
1210 3864 1311 3953 hyrus
1334 3866 1465 3954 εἴρηται

231 3968 342 4045 (Arato
360 3974 392 4033 et
408 3969 575 4046 Eunoxo),
600 3970 678 4052 περὶ
703 3967 738 4033 δὲ
758 3972 818 4034 τού
832 3969 1023 4054 Κενταύρου
1047 3966 1232 4056 ὁλοσχερῶς
1253 3964 1464 4058 ἠγνοήκασιν.

233 4062 309 4133 ούτε
331 4066 393 4153 γὰρ
417 4065 436 4156 ἡ
454 4061 536 4156 ούρδι
554 4061 654 4166 αύτού
670 4065 746 4135 ούτε
761 4069 911 4136 καθόλου
926 4070 968 4135 τὰ
985 4065 1137 4139 ύιτίσδια
1152 4073 1263 4139 πάντα
1280 4066 1463 4154 ἀνατέλλει,

233 4163 317 4234 ἀλλὰ
342 4167 358 4235 ὁ
385 4165 560 4253 ἀριστερὸς
583 4167 673 4253 ὠμος
690 4170 795 4237 ...τὸ
821 4173 856 4239 δὲ
877 4177 988 4260 Κῆτος
1011 4168 1048 4240 ού
1072 4201 1111 4261 τη
1135 4179 1305 4264 Παρθένῳ
1329 4170 1502 4261 δρχεταισ

317 4326 331 4373 4
351 4320 417 4379 ούτε
435 4344 461 4378 κ.
480 4323 517 4376 L:
536 4326 584 4396 καί
602 4343 627 4379 κ.
645 4322 678 4377 V.
