3174 5160
544 351 590 406 lv.
609 350 660 404 DE
679 350 852 405 GRATETE
870 351 1058 407 MALLOTA.
1356 354 1415 412 181

186 526 323 608 profert,
352 523 468 590 eadem
492 525 524 588 in
554 523 687 590 scholiis
718 524 749 588 in
775 524 910 590 Iliadem
934 525 1087 594 Parisinis
1110 526 1222 593 addito
1246 527 1417 595 Cununms

185 627 315 693 nomino
329 627 488 708 leguntur.
526 625 708 691 Mirandum
725 632 821 709 esset,
845 626 931 708 quod
953 647 1005 694 ros
1027 648 1091 693 non
1109 629 1279 696 manifesta
1293 635 1416 696 tantum

109 799 112 807 ,
185 727 241 795 sod
257 734 291 793 et
305 727 349 792 od
361 717 586 793 ‘Heraclitum'
606 725 696 793 etad
711 726 899 793 omnimo
915 730 1108 811 gravissima
1122 730 1264 813 ignorari
1280 731 1416 815 videtur,

184 830 243 895 nisi
266 850 288 893 a
303 827 547 894 Wuohsmuthio
562 829 775 911 fragmentum
791 829 972 894 Parisinum
996 837 1191 897 contractum
1214 832 1309 898 nimis
1332 840 1417 899 esset

184 938 214 997 ot
235 931 451 997 obscuratum.
495 930 660 1012 Integrum
682 931 854 996 frustulum
878 950 949 995 oum
963 923 1155 998 ‘Horuoliio'
1180 934 1416 1016 componimus:

388 1033 607 1098 Hunncnmus
630 1052 656 1097 o.
674 1036 724 1094 45.
1021 1032 1146 1099 Somou.
1169 1034 1252 1098 Psn.
1275 1035 1312 1098 ΙΙ.
1333 1035 1366 1103 X

979 1156 1008 1200 v.
1020 1138 1081 1200 394
1094 1135 1239 1210 (Cramer
1251 1136 1299 1200 III
1310 1158 1341 1221 p.
1353 1139 1414 1213 13).

184 1244 203 1337 η’
228 1277 266 1318 τε
291 1247 375 1337 (θοὴ
405 1243 474 1327 νύξ’
509 1242 566 1314 σύκ
595 1243 677 1313 ύλλο
711 1274 744 1313 τι
774 1256 928 1337 σημαίνει
980 1246 997 1314 ό
1023 1251 1059 1315 δέ
1080 1276 1116 1336 γε
1140 1256 1335 1318 ΚΡΑΤΗΣ
1361 1256 1418 1320 καὶ

183 1351 268 1442 πλὴν
302 1350 341 1418 τό
371 1350 586 1439 σφαιροειδὲς
621 1342 700 1416 όλοο
729 1355 789 1418 τοῦ
821 1351 929 1418 πόλου
982 1350 1418 1443 ἐντῇτοιαύτηφιλοσσφίηι

184 1459 306 1545 σχῆμα·
333 1451 392 1520 τόν
420 1451 482 1538 γὰρ
512 1446 613 1519 αὐτόν
642 1447 727 1540 ἦλίηι
758 1451 927 1541 δρόμονὴ
981 1452 1018 1519 τό
1058 1447 1150 1543 ‘307'2'
1188 1454 1246 1522 ἐπὶ
1282 1463 1416 1538 ταχείας

183 1556 239 1634 νύξ
271 1550 381 1636 όινύει,
404 1557 458 1621 καὶ
493 1557 562 1631 πός
589 1555 833 1641 καταλειφθεὶς
865 1550 925 1621 ὑπ’
980 1560 1111 1642 τίθησι,
1135 1557 1238 1643 λέγων
1256 1554 1302 1636 ὥς
1324 1550 1420 1647 ἡνύξ

184 1658 305 1725 ἐκείνου
334 1656 441 1734 τόπος
462 1652 529 1724 ύπὸ
561 1655 683 1743 ταύτης
710 1650 812 1735 εύθύς
835 1656 928 1741 ἑκμε-
982 1655 1058 1722 σκιὰ
1081 1661 1140 1745 τῆς
1161 1663 1220 1748 γῆς
1243 1646 1327 1727 σύσα
1346 1661 1418 1728 ἰσο-

183 1762 343 1828 λαίνεται.
371 1762 488 1845 σαφῶς
501 1763 580 1845 γοῦν
592 1757 738 1845 ἑτέρωθί
750 1785 816 1825 που
828 1763 927 1826 τούτο
980 1763 1088 1841 ταχώς
1102 1772 1243 1829 κινεῖται
1265 1767 1313 1849 τῴ
1331 1761 1416 1853 ἡλίῳ

181 1863 313 1950 μηνύων
337 1866 440 1948 φησίν
461 1863 511 1937 (ΙΙ.
528 1863 588 1928 VII
611 1884 641 1928 v.
660 1865 721 1927 485
730 1869 806 1946 sq.)·
981 1860 1148 1928 διώκουσα
1170 1862 1242 1930 οἷον
1257 1867 1312 1931 καὶ
1337 1865 1417 1932 διω-

222 1965 255 2032 ἒν
286 1958 316 2030 δ’
349 1957 443 2028 ἕπεσ’
472 1956 616 2048 Ὠκεανηῖ
650 1962 805 2046 λαμπρόν
840 1965 927 2052 φόος
978 1969 1109 2050 κσμένη.

801 2059 928 2150 ἠελίοιο

221 2169 316 2236 ἕλκον
354 2168 453 2233 νύκτα
486 2170 648 2251 μέλαιναν
682 2166 740 2233 ἐπὶ
773 2167 929 2252 ζείδωρον

772 2264 927 2355 ύρσυραν.

179 2366 294 2457 ὥσπερ
336 2370 398 2457 γὰρ
439 2365 674 2459 ἀπηρτημένην
715 2370 835 2437 ἑαυτοῦ
868 2370 927 2460 την

178 2475 277 2541 νύκτα
302 2471 447 2539 κατόπιν
480 2472 656 2560 ἐφέλκεται
686 2478 928 2559 συγχρονούσαν

179 2579 425 2663 (συνχωροῦσαν
439 2578 493 2643 vsl
507 2575 683 2661 σύγχρονσν
696 2561 799 2641 ούσαν
814 2583 927 2643 testes:

177 2701 255 2747 corr.
281 2677 413 2747 Sohowi
425 2688 496 2755 τοῖς
511 2673 607 2765 ἡλίου
622 2677 766 2760 τόχεσιν.
792 2676 928 2754 εἰκότως

176 2766 234 2846 σύν
257 2773 362 2864 αὐτὴν
376 2769 522 2865 Ὅμηρος
546 2779 655 2866 ε’ίρηκε
677 2779 811 2868 «θοήν».

176 2881 318 2948 δύναταί
343 2904 380 2966 γε
407 2879 472 2968 μὴν
502 2881 740 2966 πιθανώτερόν
768 2907 820 2960 τις
849 2880 925 2947 ἐπι·

172 2986 295 3066 χειριῦν
321 2976 433 3070 ‘sivojo'
460 2975 633 3067 όνομύζειν
660 2983 924 3072 μεταληπτικαλς,
989 2965 1113 3032 SCHOL.
1131 2966 1192 3033 01).
1210 2970 1271 3032 XV
1287 2990 1317 3034 V·
1333 2973 1405 3037 299·

174 3081 214 3153 σύ
236 3086 298 3176 τὴν
321 3083 405 3150 κατὰ
427 3090 555 3172 κίνησιν
584 3079 717 3165 όξεῖαν,
749 3079 835 3151 ἀλλὰ
865 3085 924 3173 τὴν
979 3080 1113 3170 θοῇσιν]
1167 3086 1415 3173 μεταληπτικὸν

172 3186 258 3255 κατὰ
284 3190 410 3272 σχῆμα·
433 3185 569 3273 καὶγὰρ
593 3187 739 3272 ἑτέρωθί
761 3214 828 3254 που
852 3188 923 3268 (Οά.
979 3183 1013 3250 ἐκ
1053 3188 1111 3249 τοῦ
1154 3185 1238 3252 κατὰ
1285 3193 1414 3275 κίνησιν

172 3293 236 3358 XV
252 3312 284 3357 v.
300 3293 375 3367 299)
392 3293 495 3376 φησίν
518 3289 637 3355 «ἔνθεν
662 3284 690 3354 δ’
718 3277 759 3356 αύ
776 3290 926 3379 νησοισιν
979 3279 1072 3363 όξέος
1085 3284 1142 3353 ἐπὶ
1153 3285 1190 3353 τό
1208 3288 1292 3354 κατὰ
1306 3293 1415 3375 σχῆμα

172 3392 380 3478 ἐπιπροέηκε
407 3394 563 3477 θοῇσιν»,
595 3384 632 3457 σύ
663 3390 701 3458 τό
732 3391 831 3474 τάχος
859 3396 926 3458 τιῦν
979 3390 1047 3454 HV.

172 3493 402 3578 ἓρριζωμένων
442 3492 551 3579 νήσων
590 3487 738 3582 ἠλιθίως
776 3495 925 3582 δηλῶσαι
1085 3510 1202 3559 SGHOL.
1226 3513 1302 3562 PAR.

172 3594 408 3675 ἐσπουδακώς,
439 3589 523 3661 όιλλό
552 3594 589 3662 τό
622 3600 731 3682 σχημα
758 3595 844 3680 πρὸς
866 3590 924 3673 όξό
977 3582 999 3678 ἢ
1030 3592 1177 3674 μάλιστα
1216 3595 1415 3684 φιλοσόφως

171 3692 413 3785 όιπσλήγσυσαν
447 3690 632 3764 ἀποτελοῦν
665 3697 827 3786 γραμμήν.
877 3697 924 3763 εἰ·
976 3692 1035 3783 τὴν
1072 3695 1232 3781 κωνοειδῆ
1269 3702 1326 3765 καὶ
1366 3699 1415 3776 εἰς

169 3799 233 3878 κός
272 3785 331 3866 σόν
367 3794 469 3886 ςθοὴν
508 3794 619 3865 νύκτα
665 3802 825 3886 λέγεσθαι
864 3798 924 3887 την
977 3795 1063 3864 θοόν
1092 3792 1167 3882 η’τοι
1197 3798 1244 3876 εἷς
1274 3793 1331 3878 όξό
1356 3801 1411 3889 λή-

172 3895 235 3969 ἒπ’
255 3895 313 3980 όξύ
329 3903 425 3979 τέλος
439 3906 497 3989 της
515 3900 654 3990 ἐσχάτης
670 3907 766 3981 σκιᾶς
783 3899 923 3985 ἆποτερ-
975 3923 1107 3984 γουσαν.

168 4003 390 4089 ματίζουσαν.
431 4007 581 4091 φυσικαῖς
597 4005 633 4071 δὲ
650 4003 707 4071 διὰ
724 4004 842 4070 τούτου
864 4009 924 4070 τοῦ

170 4105 275 4192 λόγον
317 4099 568 4185 ἀποδείκνυσιν,
585 4092 663 4173 ‘iim
705 4107 925 4195 σφαιροειδής

169 4209 266 4275 ἐστιν
279 4204 296 4276 ό
309 4208 445 4292 κόσμος.
461 4211 557 4297 τριχῇ
569 4208 631 4294 γὰρ
644 4209 677 4274 οἱ
690 4214 924 4297 μαθηματικοὶ

168 4314 278 4393 (velut
309 4313 348 4379 of.
371 4313 562 4381 cleomedes
586 4335 617 4397 p.
635 4316 697 4377 216
722 4314 861 4396 Ziegier)
882 4308 924 4376 τὰ
