3174 5160
284 362 335 417 111.
355 363 406 416 Du
424 362 539 416 ARATI
557 362 827 418 INTERPRETUM
845 363 907 432 QUI
925 363 1076 418 FERTUR
1095 365 1298 421 CATALOGO.
1345 366 1404 424 161

172 529 429 617 philosopham,
452 531 520 617 qui
537 535 579 596 L.
595 532 743 597 Iurzr'am
767 533 932 598 Sr'laraum
955 533 1164 619 discipulum
1187 558 1304 610 suum,
1327 557 1405 600 cmm

176 640 390 719 argueretur
418 633 688 708 cantaratrom's,
724 632 918 721 infitiatum
952 636 1167 700 domesticam
1197 637 1404 701 delationem

174 735 279 800 otram
301 735 498 801 testimonio
521 735 696 821 oppressit.
735 739 835 804 Deest
850 740 1043 806 Heliodorus
1065 742 1151 824 apud
1176 743 1333 808 Zellerum
1356 744 1403 818 (in

175 840 281 906 indice
302 861 334 924 p.
352 845 415 916 51).

261 946 312 1008 31.
337 943 546 1008 Hunuursus.
577 946 628 1007 32.
646 943 846 1009 Hunnurrus
860 961 1136 1010 scurraruruous.
1172 945 1317 1009 Eundem
1332 965 1404 1010 esse

174 1051 287 1126 putant
309 1046 412 1110 invito
434 1043 673 1127 pinaeographo
698 1052 729 1109 et
752 1045 912 1127 duplicem
936 1048 1127 1111 mentionem
1151 1049 1196 1112 ita
1218 1047 1403 1129 expediunt,

175 1154 211 1210 ut⁴
230 1147 323 1211 initio
346 1147 474 1211 nonnisi
489 1146 609 1210 nudum
626 1146 795 1228 Hermippi
814 1158 931 1212 nomeu
948 1150 1100 1231 scriptum
1124 1150 1222 1214 fuisse
1238 1156 1403 1213 censeant:

176 1245 249 1312 huic
272 1248 315 1312 ab
339 1249 406 1313 alio
426 1242 650 1331 ‘Hermippum
671 1241 927 1330 peripateticum'
955 1269 1026 1316 esse
1041 1250 1201 1339 additum,
1226 1251 1316 1314 cuius
1339 1236 1413 1313 me?

175 1349 308 1413 moriam
338 1350 424 1432 apud
448 1349 636 1415 Suetonium
659 1349 858 1432 (Hieronym.
886 1343 949 1416 ‘De
978 1354 1122 1434 scriptor.
1147 1342 1269 1417 eccles?
1298 1355 1328 1427 t)
1350 1350 1403 1414 vel

175 1450 253 1514 alibi
283 1454 487 1533 repperisset.
533 1453 717 1535 Disputavit
745 1454 790 1516 ita
818 1453 979 1519 Prellerus
1005 1453 1129 1533 (Jahuii
1149 1444 1285 1518 ‘Arnai’
1311 1452 1404 1516 XVII

177 1555 256 1617 1836
273 1573 305 1635 p.
324 1555 384 1617 163
393 1554 454 1635 sq.)
470 1561 502 1618 et
515 1552 613 1619 fidem
628 1566 793 1620 assecutus
809 1555 905 1629 est⁷³).
939 1555 983 1621 Ut
998 1575 1075 1620 vero
1090 1563 1139 1620 est
1155 1555 1248 1620 huius
1264 1555 1403 1637 catalogi

176 1661 303 1737 natura,
328 1662 414 1720 certe
436 1654 501 1720 duo
524 1655 565 1721 de
587 1657 679 1721 caelo
702 1657 826 1738 egerint
849 1656 1017 1740 Hermippi
1046 1666 1186 1740 oportet,
1215 1659 1296 1722 alter
1317 1658 1403 1739 peri-

174 1758 332 1839 pateticus
357 1791 394 1800 —
419 1757 474 1839 qui
497 1757 583 1822 idem
607 1757 927 1823 eratCallimacheus
947 1759 1101 1823 Suetonio
1124 1766 1219 1824 teste:
1233 1756 1405 1839 fecerant

174 1855 312 1941 qar'rtem
341 1855 403 1918 hoc
437 1859 586 1936 (tabellas
616 1859 853 1942 biographioas)
888 1858 986 1941 apud
1015 1857 1160 1920 Graecos
1188 1857 1404 1942 Hermippus

169 1956 433 2044 peripateticus,
463 1957 668 2042 Antigronus
698 1957 895 2043 Carystiae,
925 1957 1075 2043 Satyrus
1098 1969 1156 2025 eto.
1181 1997 1219 2005 -
1243 1964 1325 2027 alter
1348 1963 1403 2027 de-

173 2062 299 2128 ficiente
322 2069 399 2127 nota
427 2065 616 2146 incognitus.
663 2063 730 2128 Nec
753 2065 898 2128 meminit
921 2062 1151 2141 Nicomachus,
1182 2065 1241 2128 etsi
1264 2063 1402 2144 videtur,

174 2165 247 2229 Ath.
271 2164 320 2228 XI
340 2184 370 2247 p.
388 2167 509 2230 478A:
540 2161 730 2242 Νικόμαχος
754 2155 785 2225 δ’
813 2162 846 2228 ἓν
876 2162 1000 2247 πρώτῳ
1019 2158 1117 2241 ίΠορὶ
1142 2161 1264 2245 ἑορτῶν
1293 2162 1402 2248 Αἰγυ-

173 2259 295 2330 ariorr’
322 2270 441 2350 φησίν·
463 2260 514 2328 ‘ao
539 2264 574 2329 δὲ
597 2264 693 2329 >sorde
718 2263 786 2330 ἐστὶ
809 2265 869 2347 μὲν
893 2264 1075 2348 Περσικόν,
1099 2261 1158 2349 τὴν
1181 2264 1216 2328 δὲ
1240 2259 1340 2352 ἀρχὴν
1363 2263 1402 2351 ἣν

169 2366 361 2451 Ἕρμιππος
384 2368 484 2444 (FHG
500 2369 547 2432 ΙΙΙ
563 2390 594 2452 ρ.
612 2373 663 2445 54)
688 2361 924 2451 ἀστρολογικὸς
947 2363 992 2444 ὥς
1015 2360 1195 2447 ὁ··κόσμος,
1220 2365 1255 2442 ἐξ
1275 2360 1314 2431 οὗ
1337 2370 1402 2431 τῶν

172 2471 263 2534 θεῶν
285 2465 329 2532 τὰ
357 2467 519 2548 θαύματα
542 2471 596 2533 καὶ
620 2466 661 2533 τὰ
690 2468 893 2551 καρπώσιμα
920 2473 1076 2553 γίνεσθαι
1099 2466 1156 2532 ἐπὶ
1179 2471 1247 2552 γῆς.
1292 2467 1344 2534 διὸ
1369 2468 1404 2534 ἐκ

172 2569 290 2636 τούτου
307 2564 546 2635 oatrdsotor'.
584 2572 667 2637 Sunt
683 2571 763 2638 haec
778 2581 928 2654 corrupta
942 2574 1070 2652 misere,
1088 2582 1121 2636 ut
1136 2574 1178 2637 de
1193 2574 1402 2655 procurandis

172 2676 280 2740 uerbis
308 2673 525 2757 desperemus.
571 2676 614 2738 At
642 2676 760 2738 sentire
788 2675 880 2740 nobis
905 2675 1065 2755 videmur,
1089 2681 1240 2755 qnantum
1264 2676 1306 2740 ad
1330 2695 1402 2759 pro-

171 2778 310 2861 positam
326 2776 547 2858 quaestionem
563 2775 710 2841 sufficiat.
743 2775 951 2860 comparavit
962 2777 1127 2858 globosam
1146 2777 1252 2857 poculi
1269 2775 1403 2858 figuram

172 2899 241 2944 cum
259 2877 351 2943 caelo
367 2877 437 2941 siue
456 2877 574 2946 mundo
598 2886 630 2942 et
652 2878 735 2942 dixit
750 2879 880 2961 insuper
903 2879 997 2942 libari
1021 2898 1061 2942 ex
1086 2879 1140 2941 tuli
1166 2879 1297 2942 vasculo
1321 2881 1403 2943 caeli

170 2979 324 3045 mundive
347 2978 480 3042 formam
504 2979 681 3061 simulanti,
715 2981 791 3061 quia
819 3000 860 3045 ex
885 2981 975 3044 caelo
1002 2980 1073 3062 ipso
1096 2979 1231 3062 pulchra
1255 2981 1402 3062 bonaque

172 3082 280 3148 omnia
302 3081 336 3144 in
359 3087 477 3145 terram
500 3080 699 3146 devenirent.
738 3081 823 3146 Sane
847 3080 928 3146 haec
950 3082 1051 3165 petita
1069 3089 1141 3145 sunt
1164 3100 1204 3145 ex
1227 3082 1401 3163 longinquo

170 3191 203 3248 et
225 3175 471 3266 ἆστρολογικιῦς
494 3183 596 3264 dictu,
619 3203 658 3248 ac
680 3181 749 3247 fieri
772 3183 876 3266 possit
897 3189 931 3245 ut
946 3182 1134 3246 adverbium
1159 3173 1402 3266 ἆστρολογικώς

171 3305 212 3350 ex
229 3277 466 3368 ἆστρολογικός
482 3285 550 3350 iure
567 3283 738 3360 efficias'⁴).
777 3285 875 3348 Plura
889 3304 952 3348 uun
970 3284 1195 3367 periclitamur,
1220 3284 1299 3348 illud
1316 3293 1399 3367 post-

169 3406 267 3470 quam
291 3387 497 3452 manifestum
528 3394 577 3452 est
597 3389 640 3452 de
662 3387 763 3452 altero
788 3386 965 3468 Hermippo
989 3405 1093 3449 rerum
1116 3385 1300 3450 caelestium
1326 3389 1400 3452 sori·

259 3553 290 3617 ²³)
310 3555 483 3618 Hermippus
501 3558 598 3604 komrnt
614 3557 643 3602 in
662 3557 714 3602 den
727 3556 918 3602 Aratsclzolien
936 3557 1019 3602 selbst
1039 3583 1062 3588 -
1081 3550 1151 3604 unde
1169 3551 1314 3605 conflatum
1328 3554 1400 3606 Prel-

169 3629 245 3693 lertlfl
263 3636 377 3690 indicem
397 3637 556 3690 Vaticanum
582 3643 660 3704 putat
680 3668 709 3674 —
730 3641 823 3686 tormer
847 3641 917 3687 bloss
941 3641 990 3686 mit
1014 3640 1111 3687 diesem
1130 3637 1240 3686 Nomen
1259 3656 1319 3698 vor,
1345 3645 1403 3689 rrnd

168 3732 256 3775 untere
273 3726 346 3774 wird
368 3725 599 3773 wahrscheinlictr
619 3724 752 3788 gemacht
773 3727 880 3771 werden
899 3727 1053 3788 1111115),
1079 3712 1143 3771 dass
1161 3725 1249 3771 dieser
1267 3725 1306 3772 H.
1326 3728 1404 3773 m‘clet

170 3813 222 3860 der
240 3810 458 3868 Kallimacdeer,
477 3811 596 3858 sondern
615 3812 665 3857 der
682 3810 813 3873 Berytr'er
830 3811 871 3856 ist.
908 3809 948 3856 Es
966 3811 1002 3855 ist
1018 3810 1077 3856 also
1094 3824 1125 3854 ru
1144 3809 1318 3867 vermuttzen,
1338 3811 1402 3859 dass

169 3897 217 3944 die
236 3895 456 3958 Wiederholung
470 3885 658 3957 ‘Hermippus
676 3886 887 3956 Peripateticus'
907 3897 966 3942 eine
983 3894 1078 3954 spa'ter
1091 3894 1149 3940 rand
1166 3895 1209 3940 bei
1225 3896 1274 3941 der
1287 3894 1402 3942 Lectrire

169 3983 219 4029 des
238 3980 426 4044 Hieronymus
447 3977 478 4039 t?t
497 3982 669 4028 veranlasste
687 3982 745 4027 und
757 3979 965 4044 hincugessigte
977 3978 1058 4026 Notis
1070 3980 1107 4025 ist
1123 3976 1162 4035 t‘?).
1196 3979 1349 4040 Uebrr'gens
1367 3983 1404 4030 ist

169 4066 296 4113 dasselbe
318 4064 446 4129 (Ritscm
457 4055 515 4111 ‘De
534 4056 603 4111 Oro'
618 4072 646 4126 p,
666 4063 710 4122 12)
730 4080 781 4110 ron
806 4065 864 4111 dem
887 4066 1027 4111 indiculus
1051 4080 1099 4110 vor
1124 4065 1175 4109 den
1202 4063 1329 4111 Scholien
1352 4081 1402 4111 aar

169 4149 246 4196 Ilias
261 4155 283 4210 p
304 4148 364 4195 III
379 4147 496 4200 Bekker.
516 4166 547 4196 aa
566 4151 661 4196 holten
681 4155 730 4196 etc.

259 4231 291 4295 ⁷⁴)
309 4230 515 4285 animadvertas
533 4231 567 4285 H.
588 4232 797 4284 Callimacheum
816 4229 921 4296 magiae
940 4229 1060 4282 deditum
1079 4229 1173 4283 fuisse.
1204 4229 1313 4282 Erravit
1326 4230 1400 4284 Prel-

170 4317 248 4369 ierus
266 4314 285 4369 1.
305 4330 330 4369 c.
349 4332 375 4382 p.
391 4319 449 4369 178.
486 4316 527 4369 ct.
548 4317 623 4369 Dicis
642 4332 668 4383 p.
684 4319 741 4368 151.

223 4399 333 4452 Philolog.
346 4400 545 4454 Untersuchungen
557 4401 610 4443 XII.
1217 4402 1246 4452 11
