3174 5160
177 395 181 400 =
294 361 315 414 1.
333 361 384 414 DE
404 361 564 416 ACHILLE
582 362 829 418 GRAMMATICO
845 362 961 416 ARATI
979 363 1225 420 iusserimus.
1334 364 1375 422 33

306 560 309 569 ’
352 537 534 601 Acamans.
803 582 806 587 -
978 537 1189 604 Marcianus.

145 641 272 702 ατττέον
290 625 311 720 ἢ
327 637 374 719 τῷ
399 633 480 720 ἑξῆς,
504 631 580 720 ἤτοι
595 628 737 718 ἀστέρας

145 737 257 804 εἰπεῖν
279 737 325 814 ὡς
347 739 516 823 προσῆκον
545 731 737 824 τεκμήρατο,

144 831 347 928 ἢεῦχομένῳ
369 834 415 915 ὦς
441 842 610 924 προσῆκον
625 837 738 921 παρά-

146 964 240 1023 σχετε
264 938 383 1019 εἰπεῖν,
407 925 435 1004 ni
458 943 608 1006 Μοῦσαι.

110 1058 122 1104 s
186 1039 383 1130 τεκμήρατο]
417 1046 512 1124 μέχρι
540 1043 656 1118 τέλους
689 1039 737 1106 εἴ·
789 1040 1301 1130 τεκμήρατε]ττιστωὀασθεᾶντὸ
1317 1047 1377 1110 τοῦ

145 1162 251 1210 ποτε·
275 1148 404 1228 τέκμωρ
427 1143 490 1228 γὰρ
513 1142 550 1208 τὸ
575 1144 678 1219 τέλος.
789 1151 965 1231 τεκμηρίου
1000 1148 1055 1211 καὶ
1087 1146 1134 1223 εἰς
1167 1149 1262 1223 τέλος
1295 1140 1378 1230 ἀγά-

787 1264 875 1330 γετε·
892 1244 930 1312 τὸ
943 1244 1005 1331 γὰρ
1017 1252 1139 1332 τέκμαρ
1151 1251 1256 1325 τέλος.
1281 1243 1378 1314 ἄλλοι

789 1348 826 1412 δὲ
846 1346 989 1424 δείξατε.

63 1523 69 1537 ,
189 1451 378 1534 Subscripta
421 1457 510 1531 sunt,
562 1456 597 1515 ut
641 1470 738 1533 snpra

104 1568 128 1616 10
147 1555 305 1620 diximus:
328 1553 395 1615 των
409 1542 551 1635 Ἀράτου
571 1554 739 1631 Φαινομέ-

148 1679 212 1720 νων
252 1649 341 1738 πρὸς
378 1649 561 1740 εἰσαγωγὴν
601 1649 635 1716 ἐκ
674 1654 741 1716 τῶν

148 1749 336 1837 Ἀχιλλέως.

182 1911 197 1960 3
216 1909 367 1976 προσῆκον
379 1905 487 1972 scripsi:
509 1901 693 1975 προσήκοντα
707 1904 739 1957 V.

234 2113 340 2177 Velim
363 2112 466 2176 aciem
490 2110 532 2175 ad
556 2131 595 2176 ea
624 2111 787 2193 intendas,
818 2112 850 2175 in
880 2112 995 2192 quibus
1017 2131 1047 2194 p.
1066 2116 1105 2175 25
1121 2133 1168 2194 sq.
1193 2114 1382 2196 interpretes

150 2221 341 2296 congruunt:
371 2212 593 2279 Philemonem
623 2213 657 2276 in
686 2211 747 2278 hac
775 2233 810 2278 re
840 2214 905 2277 iam
931 2234 951 2278 a
974 2213 1101 2278 Cratete
1131 2215 1262 2279 citatum
1285 2214 1383 2279 fnisse

149 2316 293 2399 adparet.
338 2315 395 2379 Est
423 2315 521 2396 igitur
549 2315 604 2396 qui
635 2315 668 2378 in
690 2313 827 2380 Achillis
851 2316 958 2380 verbis
989 2314 1020 2378 oi
1051 2313 1087 2378 δὲ
1108 2351 1151 2360 -
1174 2306 1382 2396 ἀναπνέομεν

150 2418 311 2483 delitescit
333 2415 443 2482 Crates
466 2416 608 2481 Mallote.
653 2415 854 2500 Quamquam
878 2416 1012 2482 Hesiodi
1039 2417 1254 2483 testimoninm
1277 2419 1310 2482 in
1333 2417 1379 2482 di·

150 2539 276 2585 versam
305 2518 496 2583 sententiam
525 2516 670 2584 Achilles
698 2553 739 2562 —
770 2525 802 2583 et
830 2539 895 2584 non
924 2518 1098 2585 scholiasta
1127 2519 1310 2585 Germanici
1341 2557 1382 2565 -

151 2622 348 2688 convertisse
363 2619 499 2700 videtur,
524 2620 579 2684 ille
595 2619 714 2701 Solem,
737 2640 845 2685 aerem
868 2618 921 2685 hio
943 2627 996 2694 tex
1012 2619 1149 2705 Oratete,
1172 2622 1205 2685 ni
1228 2621 1381 2699 fallimur)

151 2725 260 2790 lovem
284 2723 518 2805 interpretatus.
564 2721 740 2805 Scripsisse
763 2720 923 2787 Oratetem
947 2724 1208 2788 commentarium
1230 2727 1382 2789 Arateum

150 2845 254 2907 neque
278 2823 352 2888 hinc
375 2824 575 2904 cognoscitur
598 2843 658 2888 neo
673 2824 826 2890 Marciani
842 2826 963 2892 codicis
979 2825 1101 2892 scholio
1117 2823 1160 2889 ad
1181 2846 1211 2891 v.
1229 2829 1268 2889 62
1286 2831 1328 2908 (p.
1342 2829 1382 2891 63

151 2927 341 3000 Wachsm.):
357 2918 374 2988 d
393 2923 429 2989 δέ
446 2922 578 3008 Κράτης
599 2931 718 3011 φησίν·
738 2920 818 2990 ‘irrrd
836 2925 894 2992 τὸν
910 2922 1062 3011 ὁρίζοντα
1078 2926 1167 3008 μῖξις
1183 2919 1382 3013 ἀμφοτέρων

150 3035 287 3103 (ortuum
311 3038 343 3092 et
365 3029 546 3103 occassum)
569 3031 706 3109 γίνεται,
730 3023 776 3104 ὡς
797 3032 853 3092 καὶ
867 3020 1014 3117 Ὅμηρος
1037 3029 1110 3104 (Od.
1126 3029 1158 3092 X
1174 3030 1242 3103 86)·

327 3125 419 3212 ἐγγὺς
440 3124 502 3211 γὰρ
527 3126 642 3205 νυκτός
663 3153 700 3194 τε
721 3132 775 3194 καὶ
800 3124 926 3216 ἤματός
949 3130 1016 3196 εἰσι
1037 3131 1202 3194 κέλευθοι.

153 3232 225 3297 irtel
238 3230 299 3315 γὰρ
312 3221 396 3314 παρ’
412 3227 551 3305 ἐκείνοις
564 3225 585 3317 ἡ
597 3225 704 3317 τ’μέρα
720 3228 814 3317 ὡρῶν
830 3229 977 3319 sinuosi}
995 3232 1030 3296 δέ
1043 3229 1101 3307 νὺξ
1114 3229 1295 3313 τεσσάρων,
1309 3250 1380 3292 συν-

153 3332 324 3419 απτούσης
352 3322 432 3396 ὅσον
460 3324 594 3395 οὐδέπω
623 3335 681 3421 τῆς
710 3332 835 3410 δύσεως
857 3337 898 3421 τῇ
921 3328 1081 3419 ἀνατολῇ,
1106 3324 1249 3416 εὐλόγως
1271 3323 1378 3395 τέκτον’

152 3447 296 3521 (uterque
319 3436 408 3500 locus
431 3434 473 3498 ad
496 3436 790 3518 interpretationem
813 3437 1018 3503 Homericam
1040 3439 1109 3501 iure
1133 3434 1247 3501 eodem
1270 3434 1382 3499 referri

152 3542 268 3622 potest)
297 3557 356 3602 neo
378 3543 506 3619 praesto
528 3538 594 3601 alia
617 3546 690 3603 sunt
712 3541 901 3605 testimonia.
948 3539 1120 3619 Crederes,
1151 3539 1207 3601 illa
1235 3558 1307 3602 cum
1337 3538 1383 3601 ita

153 3661 223 3708 sese
246 3639 396 3718 habeant,
423 3658 464 3703 ex
486 3639 561 3704 aliis
584 3640 775 3721 quibusdam
798 3641 934 3707 Cratetis
958 3641 1099 3722 copiis²¹)
1123 3647 1154 3703 et
1176 3639 1382 3704 scholiastam

155 3751 185 3808 et
207 3741 365 3807 Achillem
387 3741 599 3824 prompsisse:
628 3742 714 3823 quod
744 3742 971 3826 praepedimur
999 3741 1202 3823 Asclepiadis
1225 3740 1382 3821 Myrleani

154 3845 307 3909 memoria
335 3844 376 3908 ab
406 3852 539 3926 utroque
569 3843 695 3908 iniecta.
747 3844 845 3910 Cuius
875 3845 1014 3927 suspicio
1043 3834 1197 3927 «ἄραστή»
1232 3841 1383 3923 quoniam

155 3953 186 4012 et
207 3945 325 4012 Achilli
355 3954 387 4011 et
415 3945 609 4011 scholiastae
638 3938 790 4030 innotuit,
821 3954 893 4028 post
915 3943 1142 4027 Asclepiadem
1171 3944 1226 4025 qni
1256 3943 1383 4025 utrique

154 4049 261 4114 subest
286 4049 377 4112 Arati
407 4049 562 4131 interpres
591 4049 689 4113 fuisse
718 4048 824 4113 debet.
872 4047 974 4125 Quem
1001 4044 1147 4111 concludi
1171 4063 1266 4126 posse
1292 4051 1384 4124 puta·

154 4170 224 4214 mus
239 4148 417 4214 Stoicorum
438 4153 649 4216 recentiorum
672 4150 777 4214 ordini
800 4148 1046 4214 adscribendum
1074 4166 1153 4211 esse.
1192 4143 1382 4225 Caecutiret,

240 4316 272 4378 ²¹)
290 4314 331 4368 cf.
351 4325 433 4384 capnt
451 4318 530 4371 huius
548 4317 630 4370 libelli
648 4316 694 4370 lV.

203 4409 312 4461 Philolog.
327 4407 524 4464 Un'tersuchungen
536 4411 590 4454 XII.
1215 4402 1230 4450 3
