3174 5160
295 345 346 399 ln.
365 344 416 398 DE
434 344 550 398 ARATI
568 343 836 399 INTERPRIITUM
855 344 916 412 QUI
934 344 1084 398 FERTUR
1102 344 1305 399 CATALOGO.
1356 343 1415 403 149

187 519 281 585 dant:
305 520 391 602 quod
408 518 523 602 quibus
539 520 734 602 argumentis
750 519 995 585 demonstraturi
1012 517 1076 584 sint
1091 519 1273 601 opperimur
1287 520 1415 584 curiosi.

703 640 901 647 ——.—...--

272 706 402 772 Novum
432 706 489 772 sed
524 707 650 789 longius
686 707 745 771 iter
779 707 999 772 insistendum.
1051 706 1208 772 Personas
1237 704 1344 772 indice
1371 705 1414 771 ad

187 809 333 875 ordinem
357 809 534 875 litterarum
557 814 822 876 commemoratas
844 807 1113 892 percensebimus.

196 954 200 961 -
273 916 301 976 1.
313 911 532 975 Anuxnunnn
543 911 712 989 annosus,
729 909 783 990 qui
800 930 870 976 eum
882 912 981 976 Arato
994 910 1105 975 Pellae
1116 910 1203 992 apud
1219 910 1414 991 Antigonum

187 1014 384 1093 versabatur,
408 1014 486 1092 περὶ
509 1012 567 1074 τοῦ
591 1008 698 1074 πόίοο
722 1013 827 1093 egisse
850 1012 1052 1078 solummodo
1067 1008 1114 1075 A*
1137 1011 1278 1076 indiculo
1295 1031 1414 1076 —non

188 1115 254 1179 vita
276 1133 405 1197 quoque
422 1115 511 1178 Arati
533 1114 645 1195 altera,
669 1113 939 1195 quemadmodum
963 1114 1046 1178 dixit
1060 1113 1241 1179 Meinekius
1263 1115 1296 1178 in
1316 1107 1412 1179 ‘Ana-
1519 1177 1522 1182 .

186 1218 276 1283 lectis
300 1205 542 1282 Alexandrinis'
568 1234 599 1298 p.
615 1217 674 1278 241
701 1250 741 1260 -
763 1214 958 1298 perhibetur.
1003 1218 1193 1283 Rectissime
1223 1235 1299 1281 vero
1329 1215 1413 1281 Nae·

188 1319 274 1383 kium
299 1318 386 1384 idem
408 1318 478 1382 falli
499 1319 720 1400 pronuntiavit
734 1317 924 1400 Meinekius,
948 1320 1034 1400 quod
1050 1318 1227 1384 Alexandri
1250 1318 1412 1399 ingenium

187 1422 345 1503 poeticum
368 1442 390 1485 a
411 1420 467 1484 tali
496 1427 685 1501 argumento
713 1420 945 1485 alienissimum
974 1421 1073 1486 fuisse
1097 1439 1233 1502 eumque
1253 1412 1412 1485 ‘Phaeno-

187 1513 291 1588 mena’
318 1522 485 1606 scripsisse
508 1540 543 1587 se
558 1521 752 1587 crediturum
775 1521 959 1587 adfirmavit
981 1542 1143 1604 nunquam
1162 1516 1291 1606 ‘Opuse
1316 1515 1412 1606 phil'.

187 1625 243 1708 Ip.
262 1626 339 1690 13¹¹.
376 1625 502 1689 Diserte
525 1624 608 1688 enim
625 1622 743 1690 Sextus
759 1617 1127 1707 limpirious‘Adversus
1150 1616 1315 1691 mathem'.
1338 1626 1413 1690 VHI

186 1745 214 1809 p.
229 1728 289 1791 331
315 1725 421 1791 Bekk.
443 1720 481 1790 τὸ
507 1721 543 1788 δὲ
567 1737 703 1809 σημεῖον
732 1721 777 1802 ὡς
800 1737 936 1811 σημεῖον
957 1725 1042 1808 μετὰ
1066 1727 1217 1801 πολλῶν,
1247 1717 1292 1802 ὥς
1315 1748 1411 1811 φασι,

186 1826 322 1909 μόχθων
345 1824 555 1902 διδάσκεται,
580 1823 651 1891 οἷον
673 1824 711 1890 τὸ
736 1824 819 1891 κατὰ
842 1828 1088 1914 κυβερνητικήν,
1111 1820 1165 1895 ὅτι
1188 1821 1317 1909 ἀνέμων
1341 1825 1411 1894 ἐστὶ

187 1926 366 2018 δηλωτικὸν
387 1930 444 1993 καί
469 1925 642 2010 χειμώνων
669 1931 726 1992 καὶ
755 1917 788 2013 (ἢ
816 1927 921 2005 codd.)
950 1921 1071 2006 εὐδίας.
1116 1925 1276 2006 ὡσαύτως
1299 1928 1411 1995 δὲκαὶ

187 2029 277 2117 παρὰ
300 2043 372 2107 τοῖς
394 2027 436 2094 τὰ
466 2022 607 2114 οὐράνια
629 2034 1000 2115 πραγματοοσαμένοις,
1023 2025 1181 2116 καθάπερ
1203 2024 1333 2116 Ἀράτῳ
1357 2036 1409 2098 καὶ

184 2126 389 2218 Ἀλεξάνδρῳ
410 2133 459 2216 cpi
481 2130 641 2216 Αἰτωλῷ.
686 2133 784 2200 (luins
808 2155 847 2200 ex
878 2136 986 2202 verbis
1008 2135 1148 2201 conicias
1176 2155 1290 2219 reapse
1312 2136 1411 2201 Alex·

185 2238 272 2302 andri
292 2228 544 2302 ‘Phaenomena'
563 2236 691 2300 Arateis
717 2236 801 2300 haud
824 2238 922 2302 fuisse
944 2237 1123 2302 dissimilia
1156 2237 1273 2303 Versus
1295 2239 1410 2319 viginti

185 2344 330 2422 quattuor
353 2357 395 2402 ex
417 2338 525 2403 Aetoli
554 2338 694 2402 carmine
718 2336 808 2404 Theo
832 2339 1028 2424 Smyrnaeus
1053 2338 1159 2403 adfert
1181 2339 1222 2406 de
1245 2341 1410 2406 stellarum

185 2443 354 2508 errantium
384 2438 497 2506 ordine
525 2459 557 2522 p.
576 2440 739 2504 138-141
767 2441 890 2524 Hiller.‚
921 2440 1062 2524 Ephesio
1090 2441 1240 2523 adsignat
1267 2443 1406 2509 Pseudo·

186 2542 357 2612 heraclitus
375 2532 504 2623 ‘Alleg.'
531 2563 557 2607 e.
576 2543 615 2604 12
638 2540 768 2607 Mehier.
816 2543 889 2607 Fuit
911 2563 981 2608 cum
1006 2543 1093 2608 docti
1116 2543 1267 2609 cederent
1281 2544 1409 2611 Naekio

183 2644 260 2712 haec
284 2645 417 2729 Ephesii
440 2664 511 2710 esse
527 2644 662 2709 frustula
683 2645 844 2710 mordicus
866 2646 987 2709 tenenti
1002 2646 1163 2717 (Meineke
1186 2665 1217 2729 p.
1234 2650 1306 2713 244.
1331 2651 1409 2731 372;

182 2747 284 2814 Hiller
303 2740 397 2814 ‘Mus
421 2738 518 2811 rhen.³
544 2746 655 2810 XXVI
676 2767 707 2829 p.
725 2748 809 2822 586).
853 2747 1053 2828 Argumenta
1082 2748 1201 2813 Naelxii
1222 2750 1407 2832 neutiquam

181 2849 349 2916 sufficiunt.
394 2849 479 2931 Ergo
503 2845 673 2928 ἐπέχομεν.

263 2954 293 3016 2.
317 2952 533 3017 Annxnunnn
556 2952 741 3033 Ernnsrus,
762 2942 937 3033 ‘Lychnus'
963 2953 1215 3034 cognominatus,
1239 2951 1408 3019 Strabonis

179 3060 321 3136 tempore
343 3072 461 3135 poema
476 3053 620 3119 condidit
642 3053 683 3119 de
706 3053 813 3118 caelo:
837 3052 941 3117 Strab.
962 3053 1038 3117 XIV
1053 3073 1084 3136 p.
1102 3056 1163 3118 642
1187 3055 1281 3130 (inter
1304 3054 1407 3120 claros

166 3154 335 3238 ‘Ephesios
359 3156 418 3229 est)
448 3148 664 3239 Ἀλέξανδρος
692 3151 816 3240 ῥήτωρ,
841 3148 857 3217 ὁ
881 3153 1015 3235 Λύχνος
1044 3158 1345 3238 προσαγορευθείς,
1370 3152 1407 3234 ὃς

177 3257 232 3322 καὶ
255 3252 496 3320 ἐπολιτεύσατο
518 3257 575 3319 καὶ
595 3258 800 3341 συνέγραψεν
824 3255 976 3340 ἱστορίαν
996 3258 1052 3320 καὶ
1076 3253 1140 3342 ’έπη
1163 3257 1349 3337 κατέλιπεν,
1373 3257 1407 3322 ἐν

178 3355 228 3434 οἱς
250 3355 292 3422 τά
314 3380 352 3422 τε
374 3349 514 3440 οὐράνια
537 3355 731 3423 διατίθεται
753 3360 807 3422 καὶ
837 3355 897 3433 τὰς
919 3350 1078 3443 ἠπείρους
1100 3371 1297 3445 γεωγραφεῑ,
1321 3353 1403 3424 καθ)

176 3457 315 3544 ἑκάστην
345 3455 459 3534 ἐκδοὺς
488 3466 628 3541 ποίημα.
679 3461 913 3544 Neglegentem
943 3460 1105 3527 hominem
1134 3472 1167 3528 et
1195 3483 1258 3527 non
1287 3465 1405 3529 bonum

176 3571 305 3646 poetam
336 3561 449 3628 Cicero
478 3562 557 3627 dicit
585 3564 617 3628 in
644 3556 812 3645 ‘Epistulis
839 3562 881 3626 ad
911 3555 1188 3629 Attioum'1122.
1233 3565 1283 3631 De
1314 3566 1405 3631 titulo

175 3664 342 3733 conveniri
363 3665 484 3746 nequit.
529 3665 709 3730 Meinekius
731 3684 762 3747 p.
780 3667 841 3729 372
865 3684 907 3729 ex
930 3665 998 3729 vita
1014 3666 1104 3730 Arati
1127 3666 1229 3731 altera
1250 3686 1281 3749 p.
1298 3671 1338 3731 57
1356 3668 1405 3732 W.

177 3763 374 3847 Φαινόμενα
389 3767 569 3849 suspicatur
585 3768 717 3831 carmini
733 3767 946 3832 astronomica
964 3765 1150 3849 inscriptum
1173 3768 1281 3834 fuisse.
1321 3767 1405 3846 Quin

173 3870 273 3936 aliurn
294 3867 463 3950 aliquem?
521 3874 527 3890 '·

247 3971 722 4049 .3.'Anuxnnnnnchu1nn‚
752 3973 779 4035 si
809 3978 894 4037 reete
920 3972 1115 4055 appelletur,
1144 3973 1185 4036 ab
1209 3971 1328 4054 oppido
1352 3976 1406 4039 vel

172 4075 247 4140 vico
262 4072 355 4138 nobis
370 4072 479 4155 ignoto
496 4073 626 4155 Lycaeo
640 4093 755 4138 nomen
770 4074 867 4138 traxit
874 4074 917 4150 ⁵⁸).
954 4073 1058 4138 Homo
1077 4073 1207 4139 obrutus
1230 4074 1403 4141 oblivionis

178 4194 353 4204 —————

180 4316 190 4339 ,
261 4240 295 4336 ⁸⁸}
313 4237 353 4292 cf.
367 4237 456 4339 Strab.
468 4237 534 4293 XIV
545 4256 571 4308 p.
586 4243 636 4292 674
649 4239 850 4305 (Athenodorus
863 4239 1014 4303 Tarsensis)
1029 4231 1064 4294 ὃν
1075 4242 1122 4293 καί
1137 4239 1300 4311 Κανανίτην
1317 4245 1405 4312 φασὶν

169 4342 232 4380 auo
251 4342 348 4392 καμης
365 4342 450 4389 τινος.
