3174 5160
452 365 484 419 V.
503 365 554 418 DE
572 365 686 418 ARdTI
705 365 865 421 scalpus
885 366 1105 422 DEPERDITIS
1334 367 1393 426 241

166 529 510 622 ‘Theophrasteorum'
537 540 660 621 origine
686 539 929 620 argumentatio.
967 540 1049 605 Nam
1073 560 1155 622 quae
1174 548 1322 607 causatur
1337 543 1393 607 ille

168 642 375 723 argumenta!
413 640 508 705 Vocis
532 636 670 726 ἑνιινολή
689 641 878 725 absentiam,
902 641 1090 707 Eudoxeum
1106 643 1277 707 terminum
1293 635 1393 728 ἀκρό-

171 765 268 822 νυχος
291 745 336 819 (at
357 744 422 807 iam
446 743 606 807 Hesiodus
630 735 869 828 ἀκροκνεφαῑος
887 734 992 826 ‘Opp'
1018 764 1048 808 v.
1064 747 1153 825 567),
1177 744 1252 808 anui
1275 746 1394 811 mensis

172 846 239 910 diei
251 844 472 927 bipertitioues
481 845 616 910 Eudoxo
628 850 730 929 notas,
743 845 887 910 eiusdem
899 846 1022 910 farinae
1034 846 1214 912 consimilia
1222 845 1395 911 Boehmius

170 947 385 1029 comportavit
406 967 469 1009 non
492 946 606 1010 frustra
623 946 763 1027 quidem,
787 947 814 1012 si
829 947 957 1029 singula
971 954 1215 1030 persequentem
1231 947 1394 1012 examina-

171 1049 275 1130 veris,
309 1047 366 1112 sed
396 1049 581 1130 neutiquam
609 1048 654 1111 ita
684 1054 718 1112 ut
746 1050 778 1111 iu
806 1050 1050 1131 peripateticam
1078 1049 1249 1132 Signorum
1276 1042 1395 1114 ‘Theo-

170 1139 409 1233 phrasteorum'
450 1150 605 1230 originem
642 1151 755 1214 iactari
792 1152 988 1217 levissimam
1027 1152 1218 1235 suspicionis
1251 1153 1395 1216 umbram

170 1250 421 1316 existimandum
456 1253 497 1316 sit
514 1262 535 1326 l.
593 1251 825 1334 Peripateticus
858 1253 955 1334 igitur
991 1255 1036 1337 is,
1072 1255 1126 1335 qui
1152 1244 1394 1335 ‘Theophrasti’

171 1353 273 1436 Signa
289 1354 438 1435 conlegit,
454 1373 526 1418 oum
541 1354 614 1418 aliis
628 1354 812 1435 regionibus
824 1355 958 1436 graecis,
976 1355 1168 1420 insularibus
1180 1356 1392 1438 potissimum,

171 1464 237 1520 tum
268 1456 442 1521 continenti
471 1457 587 1520 atticae
617 1462 771 1539 excerpta
799 1476 857 1520 sua
886 1465 918 1522 et
945 1457 1073 1540 proprie
1101 1458 1197 1521 etiam
1226 1457 1398 1521 observata

172 1557 438 1622 accommodavit.
484 1558 626 1640 Utraque
650 1560 734 1623 euim
754 1558 889 1623 dicimus
913 1558 1002 1640 ideo,
1026 1559 1112 1641 quod
1135 1560 1181 1623 ita
1203 1560 1273 1641 ipse
1296 1558 1400 1622 voluit

170 1661 306 1742 scriptor
329 1661 360 1723 iu
381 1653 580 1742 ‘Signorum’
605 1661 860 1744 praefatiuncula
881 1655 995 1743 (Περὶ
1021 1665 1166 1745 σημείων
1190 1653 1321 1724 ὑδάτων
1343 1660 1399 1723 καὶ

172 1759 372 1842 πνευμάτων
393 1763 449 1825 καὶ
470 1760 642 1844 χειμώνων
656 1764 712 1827 καὶ
729 1753 860 1826 εὗδιών’
879 1783 910 1845 p.
928 1765 989 1827 389
1008 1763 1192 1847 Wimmer.),
1217 1763 1301 1828 unde
1319 1762 1400 1828 haee

171 1864 368 1930 delibamus:
393 1859 445 1927 διὸ
470 1867 524 1927 καὶ
541 1857 667 1948 ἀγαθοὶ
683 1868 873 1949 γεγένηνται
888 1861 971 1927 κατὰ
986 1861 1113 1939 corrone
1127 1861 1222 1940 τινὰς
1238 1858 1400 1945 ἀστρονό-

170 1989 228 2046 μοι
253 1964 346 2044 ἔνιοι,
372 1963 443 2029 οἷον
469 1970 682 2050 Ματρικέιας
705 1962 739 2030 ἒν
755 1958 971 2050 Mpodpvpfflr
996 1958 1064 2031 ἀπὸ
1089 1968 1147 2030 τοῦ
1164 1964 1398 2047 Λενιετὺμνοο,

170 2069 223 2130 καὶ
242 2066 475 2153 Κλεόστρατος
498 2067 531 2133 ὲν
551 2067 680 2152 Τενέδῳ
705 2062 773 2132 ἀπὸ
796 2069 854 2152 τῆς
863 2061 958 2153 Ἴδης,
981 2070 1037 2132 καὶ
1055 2067 1200 2145 moetoris
1214 2063 1398 2154 Ἀθήνῃσιν

172 2164 241 2235 dard
271 2173 329 2234 τοῦ
353 2173 590 2256 Λοκαβηντοῦ·
620 2167 694 2255 <δς>
722 2167 764 2233 τὰ
791 2171 870 2254 περὶ
898 2167 958 2246 τὰς
980 2168 1110 2252 τροπὰς
1134 2169 1278 2247 σονεῑδε,
1309 2164 1395 2257 νεαρ)

173 2266 210 2335 οὗ
227 2275 353 2335 ,Μένων
370 2267 515 2348 ἑκούσας
529 2270 588 2335 τὸν
604 2273 662 2336 τοῦ
678 2268 752 2346 ἑνὸς
767 2270 886 2335 δέοντα
903 2270 1027 2335 εἴκοσιν
1044 2267 1196 2336 ἐνιαυτὸν
1212 2271 1399 2349 συνέταξεν.

171 2358 210 2457 ἦν
234 2372 270 2437 δὲ
293 2369 309 2438 δ
334 2373 394 2457 μὲν
420 2372 565 2449 acerrae
585 2378 738 2454 μέτοικος
754 2366 947 2459 Ἀθήνησιν,
971 2367 988 2437 ὁ
1014 2372 1049 2437 δὲ
1065 2376 1190 2437 Μένων
1206 2370 1399 2461 Ἀθηναῖος.

172 2478 225 2539 καὶ
257 2469 353 2540 ἄλλοι
384 2475 419 2540 δὲ
447 2473 505 2539 τὸν
532 2472 658 2559 τρόπον
681 2477 798 2538 τοῦτον
820 2469 1119 2562 ἠσνρολόγησανᾞ.
1165 2475 1256 2553 Quae
1281 2476 1312 2541 bi
1339 2478 1399 2560 ipsi

173 2580 362 2660 singillatim
386 2581 671 2660 observitaveraut,
696 2578 929 2660 Peripateticus
951 2578 1117 2654 (immixtis
1141 2579 1206 2643 suis
1222 2582 1240 2655 ξ
1258 2581 1288 2655 1)
1312 2600 1397 2645 corn·

173 2681 288 2762 plexus
317 2687 366 2746 est
394 2680 634 2763 quadamtenus.
678 2680 721 2743 At
747 2679 968 2745 desideramus
998 2680 1080 2744 iuter
1108 2689 1311 2746 enumeratos
1335 2682 1397 2747 Eu·

174 2781 308 2847 doxam!
343 2782 447 2860 Quem
470 2802 657 2865 oppressum
679 2781 806 2847 silentio
829 2780 1069 2863 demiraremur,
1093 2781 1120 2845 si
1144 2782 1240 2846 modo
1257 2784 1397 2849 omnium

174 2886 365 2967 praecipuus
387 2886 448 2949 fuit
470 2884 632 2966 scriptoris
654 2884 741 2962 lons,
772 2892 804 2948 et
825 2882 948 2947 fraudis
971 2882 1218 2963 Peripateticum
1242 2884 1291 2949 fas
1315 2893 1400 2951 esset

176 2987 341 3069 inculpari.
387 2986 486 3051 Vides
510 3005 572 3067 quo
596 2984 744 3049 Boehmii
766 2983 873 3049 trabat
895 2983 1162 3065 opiniunculai¹²l

176 3129 199 3133 --
204 3124 374 3133 —.-.-.—-

260 3226 280 3281 ”l
298 3219 435 3275 assentiri
453 3235 507 3273 nou
526 3218 642 3272 debebat
659 3217 838 3272 Susamihlius
857 3217 869 3269 Ι
888 3233 915 3283 p.
930 3217 1014 3270 299²⁶.

260 3309 291 3371 ¹⁰)
311 3304 568 3376 Ματρῐοὶ-ικέτας,
592 3306 623 3357 ut
647 3302 859 3367 Amici-rueras·
876 3326 909 3345 =
929 3301 1047 3366 Δῑκέτας
1067 3301 1157 3366 (aliter
1176 3301 1399 3357 Wilamowltalus

171 3387 247 3446 ‘Eun
262 3383 407 3444 Herakles'
419 3390 433 3442 I
445 3406 473 3457 p.
483 3392 551 3451 63²⁵r
564 3381 823 3453 *Άιιελδοεικὲτας
835 3396 877 3449 (a
889 3380 1072 3442 ’.δνιελλικῶνι
1086 3386 1155 3440 Ficlx
1164 3381 1285 3441 ‘Griecb
1300 3387 1400 3455 Eigen·

175 3469 280 3530 namen'
294 3492 320 3542 p.
331 3475 420 3535 XVII)
433 3473 657 3546 *Iloiuol-tudrpc
671 3475 806 3530 Ποδίκων
819 3465 1148 3540 Dittenberger‘Sylloge’
1161 3476 1221 3532 ale,
1235 3476 1267 3525 68
1280 3472 1308 3525 iu
1322 3472 1401 3526 titulo

175 3561 334 3630 Erythraeo.
371 3559 425 3623 [W.
440 3559 555 3613 Scbulae
569 3552 692 3626 ‘Quaest
713 3551 764 3627 ep'
783 3574 810 3625 p.
824 3561 892 3620 525]-

261 3646 292 3709 ¹¹)
310 3644 401 3698 Sensit
414 3644 558 3698 Boehmius
570 3644 637 3697 recti
647 3643 747 3711 aliquid
759 3660 786 3710 p.
798 3646 844 3696 aa:
864 3643 943 3693 Certe
954 3644 1066 3708 offensio
1079 3646 1215 3707 quaedam
1234 3646 1311 3703 inest,
1327 3649 1400 3710 quod

174 3736 204 3781 de
226 3734 348 3781 obscuris
369 3733 429 3779 illis
447 3732 598 3779 hominibus
611 3733 761 3793 praedicat
776 3732 909 3793 scriptor,
934 3736 1116 3777 astronomum
1134 3730 1251 3776 munium
1269 3732 1400 3779 illustris·

176 3823 271 3867 simum
289 3817 437 3866 Eudoxum
456 3817 554 3863 omittit
597 3816 633 3864 At
651 3814 674 3866 si
691 3829 745 3866 non
763 3813 887 3865 adhibuit
905 3811 1068 3864 Eudoxum?

261 3900 293 3963 ¹²)
311 3899 434 3951 Diximus
454 3892 566 3951 ‘Herm’
591 3899 608 3951 l.
628 3913 651 3950 c.
677 3897 797 3950 criticam
819 3897 897 3950 Arati
915 3890 1138 3964 e‘Theoplrrasti
1163 3897 1234 3964 Περὶ
1257 3889 1398 3966 σημείων’

173 3986 266 4040 libello
284 3986 406 4037 fructum
423 3983 496 4036 haud
514 3982 676 4036 mediocrem
693 3981 840 4049 percipere.
869 3981 1028 4049 Exemplum
1046 3979 1216 4047 proferimus,
1235 3994 1268 4032 ea
1286 3982 1317 4033 ut
1334 3995 1399 4047 sup-

174 4073 305 4140 pleantur
322 4083 392 4137 quae
411 4067 526 4122 diximus
543 4084 571 4136 p.
587 4071 650 4129 190,
674 4066 814 4119 Plutarchi
832 4065 911 4120 simul
930 4066 1018 4118 locum
1036 4066 1071 4117 ad
1090 4065 1161 4117 hunc
1181 4078 1266 4131 usque
1284 4064 1354 4117 diem
1374 4074 1401 4118 et

175 4154 342 4208 coniecturis
361 4159 388 4206 et
410 4151 605 4220 interpretandi
627 4150 788 4204 ratiunculis
805 4157 931 4205 uexatum
950 4149 1116 4203 emendaturi
1130 4143 1185 4201 ‘De
1203 4148 1324 4203 sollertia
1339 4149 1400 4203 aui·

173 4234 297 4294 malium'
316 4255 342 4306 p.
361 4242 409 4290 967
430 4237 511 4306 Wytt.
530 4231 582 4301 τὰς
599 4236 630 4292 δὲ
651 4239 710 4290 τῶν
727 4233 902 4305 σπερμάτων
919 4232 1061 4297 διαθέσεις
1077 4235 1126 4287 καὶ
1149 4227 1293 4300 διαψύξεις
1314 4229 1401 4299 ἐκτὸς

170 4324 370 4389 (t'ormicarumt
389 4316 473 4377 ὑετοῦ
491 4331 616 4378 ποιεῖται
634 4328 753 4391 σημεῖον
772 4316 788 4376 ὁ
804 4317 925 4392 Ἄρατος
943 4326 978 4384 (u.
993 4322 1042 4371 956
1049 4323 1115 4386 sq.)·

223 4408 334 4460 Philolog.
348 4406 548 4459 Untersuchungen
559 4406 612 4448 XII.
1219 4406 1249 4455 16
