3166 5166
484 367 520 420 11.
540 367 590 420 DE
608 367 722 422 ARATI
740 366 873 422 comcs
891 367 1133 423 HIPPARGHEO.
1376 367 1437 429 113

202 530 363 626 ἀριστερᾷ
388 542 539 620 χειρί-
563 536 612 604 ἔτι
642 539 678 604 δέ
700 537 759 624 τὴν
788 537 936 624 κεφαλὴν
965 541 1021 604 καὶ
1050 539 1110 628 τὴν
1140 536 1252 617 δεξιὰν
1271 553 1366 624 χεῖρα
1389 543 1436 626 api

146 651 177 701 10
204 637 332 725 Τοξότη
362 631 649 719 ύντικαταδύνειν,
687 639 726 705 τὰ
756 640 792 706 δὲ
821 640 907 724 πρός
936 639 1014 718 τούς
1045 639 1155 717 πόδας
1188 643 1235 726 τη]
1268 646 1452 730 Σκορπίῳ.Δ

200 739 310 807 δύνειν
333 740 369 806 δέ
392 764 477 829 φησι
499 745 555 809 καὶ
577 740 636 808 τόν
652 742 786 825 Περσέα
806 745 909 826 χωρὶς
931 745 990 809 τοῦ
1012 741 1122 820 δεξιοῦ
1136 740 1277 827 γόνατος
1299 746 1436 809 καὶτοῦ

199 839 308 918 ποδός
329 845 384 909 καὶ
407 846 465 930 τῆς
485 836 622 929 Ἀργοῦς
644 842 703 931 την
727 842 890 927 πρύμναν.
935 842 968 910 ἐν
992 844 1027 911 δέ
1049 844 1181 920 τούτοις
1203 841 1245 909 τὰ
1267 844 1327 928 μὲν
1352 838 1436 910 ἄλλα

200 958 375 1028 συμφωνεῖ
388 959 460 1023 τοῖς
472 945 698 1032 φαινομένοις,
714 941 733 1023 ἡ
748 946 783 1011 δέ
796 939 954 1031 ἀριστερὰ
968 948 1039 1030 χεὶρ
1055 948 1113 1012 τού
1125 938 1347 1033 Ἕνγο<ύ>νασι
1362 959 1436 1025 ταῖς

199 1049 332 1135 Χηλαῖς
355 1046 599 1128 σονανατέλλει,
622 1052 678 1115 καὶ
701 1043 738 1115 ού
762 1051 810 1135 τη]
825 1055 993 1136 Σκορπίηι.
1030 1046 1171 1134 καὶγὰρ
1194 1041 1335 1126 αὐτόςὸ
1361 1041 1435 1132 δρι-
1538 1086 1540 1095 ·

147 1167 175 1216 15
199 1149 317 1237 στερδς
339 1135 429 1233 ιόμος
453 1143 555 1216 αὐτοῦ
577 1149 665 1216 πολδ
694 1151 942 1238 προηγούμενος
964 1154 1022 1237 της
1042 1149 1162 1234 χειρός,
1186 1145 1309 1216 ὡσανεὶ
1335 1150 1435 1238 διωρ-

198 1251 383 1337 γυιωμένοο
415 1245 532 1333 αὐτοῦ,
563 1251 722 1336 καθάπερ
751 1255 806 1320 καὶ
835 1247 936 1330 αύτδς
965 1249 982 1319 o‘
1008 1247 1153 1336 ’Ἀρατός
1182 1274 1267 1340 φησι
1290 1260 1333 1328 (v.
1350 1257 1433 1331 621),

198 1357 241 1443 τῇ
263 1353 290 1440 γ’
306 1361 409 1443 μοίρᾳ
431 1358 491 1420 τοῦ
507 1360 676 1439 Σκορπίοο
693 1353 939 1421 σονανατέλλει.
977 1347 1035 1436 ούχ
1057 1350 1076 1444 ἡ
1100 1349 1234 1441 κεφαλὴ,
1254 1339 1310 1420 ούν
1332 1353 1434 1439 μόνον

200 1451 304 1522 αύτοῦ
325 1460 373 1543 τῴ
389 1463 546 1544 Σκορπίιμ
563 1456 837 1544 σοναναφέρεται.
876 1456 928 1524 διό
952 1459 1007 1522 καὶ
1031 1456 1065 1521 έν
1080 1469 1151 1534 τοῖς
1166 1453 1331 1543 πρότερον
1355 1457 1435 1540 περὶ

197 1557 259 1646 την
281 1562 342 1625 τοῦ
364 1565 535 1645 Σκορπίοιι
558 1553 722 1649 ἀνατολὴν
747 1553 859 1646 ἆγνοεῖ
881 1558 984 1645 λέγων
1007 1563 1052 1637 (v.
1069 1563 1266 1632 sta-star·

146 1679 175 1728 1)
508 1662 589 1748 κόρη
615 1658 647 1727 δ’
674 1661 789 1750 ἑτέρης
810 1661 895 1746 μετὰ
914 1660 1025 1746 χειρός

352 1762 439 1851 τύξηι
463 1758 666 1831 ἇνέλκονται.

199 1865 469 1954 κατηκολούθηκε
492 1867 528 1931 δέ
551 1871 606 1933 καὶ
629 1865 833 1933 academico
856 1869 903 1951 τηλ
928 1858 1072 1950 Εύδόξηι.

288 2021 319 2070 10
337 2014 590 2075 παντικαταδύνειν
608 2019 631 2072 L
652 2023 660 2082 ΙΙ
685 2024 716 2071 14
735 2013 952 2074 συνανατέλλειν
969 2017 993 2068 V
1011 2018 1020 2083 ΙΙ
1044 2021 1085 2081 15,
1102 2020 1133 2070 16
1151 2015 1374 2088 διοριγνωμένου
1392 2015 1434 2082 Vly

201 2105 234 2155 16
253 2095 269 2159 δ
289 2096 377 2168 αύτὸς
389 2103 451 2157 LV:
471 2104 578 2157 traiecit
596 2104 650 2156 Wii
672 2106 681 2170 [1
703 2107 788 2174 φησὶν
805 2102 828 2154 L
851 2109 860 2170 ΙΙ
883 2105 913 2155 18
932 2095 1021 2157 αὐτοῦ
1034 2101 1111 2155 omL
1135 2105 1144 2166 ΙΙ
1165 2106 1195 2155 11
1216 2093 1387 2173 οἷνέρχονται
1400 2101 1431 2154 L.

286 2277 322 2342 V.
341 2280 402 2343 673
425 2277 635 2343 laurentiani
657 2269 879 2358 «διέρχονται»
902 2276 980 2342 facit
1003 2295 1075 2341 cum
1090 2274 1252 2341 Marciano
1275 2275 1432 2342 adversus

201 2378 390 2444 Vaticanum
413 2379 557 2445 codicem
586 2375 844 2456 («άνέλκονται»).
890 2379 930 2442 Et
959 2376 1020 2443 hoc
1049 2376 1179 2460 quidem
1210 2379 1337 2444 omnino
1367 2397 1431 2443 non

201 2479 298 2546 habet
320 2501 384 2564 quo
407 2482 581 2565 displicere
596 2481 708 2563 possit,
733 2481 759 2547 si
783 2480 915 2563 quidem
931 2487 1018 2545 amat
1039 2485 1137 2564 poeta
1158 2478 1221 2544 hoc
1242 2480 1375 2545 verbum
1398 2481 1431 2545 in

200 2583 297 2649 talem
328 2584 518 2649 sententiam
545 2589 748 2665 convertere,
779 2583 867 2649 velut
889 2603 918 2646 v.
936 2585 998 2646 305
1020 2578 1103 2664 μέγα
1126 2576 1224 2655 τόξον
1247 2571 1430 2662 ἆνέλκεται,

201 2707 231 2751 v.
251 2689 310 2752 137
333 2686 392 2769 της
407 2679 493 2768 ὑπὲρ
511 2675 713 2772 ἀμφοτέρων
737 2677 837 2766 ιόμων
853 2683 1037 2748 εἱλίσσεται
1054 2679 1167 2770 ἀστήρ,
1191 2705 1221 2749 v.
1239 2685 1300 2747 693
1308 2674 1432 2760 Ἵππος

201 2824 242 2834 -
258 2792 364 2852 ποσσί
379 2811 415 2853 τε
431 2789 486 2851 καὶ
508 2787 635 2874 κεφαλῇ
652 2779 873 2865 ἇνελίσσεται,
897 2809 926 2853 v.
945 2791 1005 2850 714
1023 2783 1082 2850 σὺν
1097 2787 1145 2869 cpi
1160 2783 1331 2870 πασσυδίῃ
1356 2777 1430 2849 ἆνε-

202 2892 363 2957 λίοοεται.
402 2893 482 2957 Itcm
505 2912 525 2956 a
547 2896 706 2956 structura
728 2891 784 2955 vix
807 2891 911 2955 minus
934 2889 1174 2955 commendatur
1197 2878 1429 2971 «detepuerat»,

200 3004 234 3060 ut
257 3016 286 3058 v.
312 2998 370 3059 591
396 2997 552 3078 Καρνίνη
581 2983 656 3056 iioo‘
683 2983 817 3056 ἐδύοντο
841 2985 1065 3074 ‘quaecuuque
1087 3011 1145 3074 per
1165 2990 1321 3057 Oaucrum
1344 2991 1430 3057 occi-

200 3087 347 3178 debant',
364 3117 394 3161 v.
412 3098 473 3160 684
486 3116 533 3179 sq.
550 3091 592 3158 τὰ
609 3092 645 3158 δὲ
661 3098 776 3159 νείατα
794 3090 905 3157 πάντα
922 3085 1012 3176 αύτηῖ
1032 3089 1212 3178 Τοξεοτῇρι
1228 3094 1429 3174 κατέρχεται,

199 3200 274 3263 alia.
320 3197 522 3280 Quamquam
551 3196 621 3263 fieri
650 3203 771 3280 potest,
801 3201 836 3260 ut
858 3196 884 3259 L
907 3215 948 3261 ex
970 3196 1070 3260 Arato
1100 3202 1261 3260 correctus
1285 3195 1335 3260 sit.
1380 3195 1430 3260 Ne

200 3301 234 3366 id
256 3301 387 3384 quidem
410 3301 523 3365 mirum
548 3305 643 3381 esset,
666 3301 693 3366 si
710 3297 913 3382 Hipparchus
933 3300 1003 3380 ipse
1025 3317 1083 3380 per
1098 3297 1273 3362 memoriae
1289 3316 1428 3362 errorem

199 3395 420 3467 «δνὲλκονται»
443 3402 588 3468 dedisset
610 3403 651 3468 ob
673 3425 704 3469 v.
721 3405 793 3482 305,
815 3409 849 3466 at
871 3401 946 3468 sciri
970 3402 1089 3482 nequit.

287 3716 314 3775 1.
337 3711 369 3775 Il
391 3731 422 3793 p.
439 3712 548 3776 2221&
577 3709 636 3772 τού
670 3706 706 3771 δὲ
740 3712 907 3793 Σκορπίοι·
942 3703 1123 3791 ύρχομένοο
1152 3697 1344 3769 ἀνατέλλειν
1373 3697 1428 3788 <ό>
1512 3694 1515 3700 ’

200 3809 345 3896 δότερός
374 3833 458 3898 φησι
480 3813 609 3889 (Aratus
632 3811 757 3877 scilicet
779 3831 808 3875 v.
826 3811 1007 3888 647-668)
1037 3807 1145 3873 δύνειν
1175 3806 1235 3889 μὲν
1257 3803 1299 3870 τὰ
1323 3803 1428 3871 λοιπὰ

199 3917 280 4001 μέρη
304 3912 375 3998 [τοῦ
398 3914 560 3995 Ποταμού
582 3913 636 3977 καὶ
660 3908 701 3976 τὰ
726 3908 830 3975 λοιπὰ
852 3909 946 3997 μέρη]
970 3912 1028 3999 της
1051 3903 1271 3995 Ἀνδρομέδας
1293 3908 1347 3974 καὶ
1371 3909 1429 3972 τοῦ

200 4016 330 4102 Κήτοος
352 4016 407 4081 καὶ
431 4017 490 4080 τοῦ
513 4013 657 4102 Κηφέως
680 4010 717 4077 τό
743 4006 813 4078 ἀπὸ
836 4016 902 4078 τῶν
926 4007 1026 4095 ὤμων
1048 4010 1145 4096 μέχρι
1166 4013 1226 4095 τῆς
1249 4008 1352 4096 ζώνης
1374 4011 1430 4075 καὶ

160 4132 175 4178 5
197 4116 257 4204 την
272 4121 504 4184 Κασσιέπειαν
520 4109 608 4204 όλην,
632 4114 720 4204 πλὴν
742 4114 779 4181 τὸ
798 4113 866 4181 ἀπὸ
891 4117 957 4180 τῶν
973 4114 1088 4180 ποδῶν
1112 4111 1173 4189 ἕως
1188 4114 1255 4177 τῶν
1269 4110 1428 4198 γονάτων.

285 4257 300 4306 '2
320 4252 436 4324 φησινΙι
449 4254 459 4320 tt
472 4247 507 4310 τό
521 4273 552 4309 τε
565 4245 688 4308 λοιπὰΙι
708 4251 718 4319 ΙΙ
741 4254 791 4316 1,3
810 4267 896 4305 uncos
914 4251 1005 4319 posuit
1018 4247 1072 4302 Wil
1092 4248 1102 4314 ΙΙ
1125 4241 1193 4303 dud
1213 4239 1310 4303 u'rroV
1332 4249 1342 4314 ΙΙ
1365 4251 1379 4298 5
1398 4245 1428 4302 δέ

199 4337 311 4407 scripsi:
329 4357 361 4395 τε
378 4338 435 4395 LV.

250 4423 358 4477 Philolog.
372 4424 571 4476 Untcrsuehuugou
583 4419 636 4464 XII.
1260 4423 1276 4473 8
