3174 5160
1056 274 1068 321 0

448 365 521 418 VIII.
542 365 591 418 DE
610 365 679 419 000
700 362 901 419 POETARUM
920 363 1122 417 SODALICIO.
1347 362 1408 418 315

302 539 488 603 auctumni
508 536 625 600 reditu
648 557 711 598 eur
733 536 795 598 sub
812 534 932 619 gelido
957 534 1167 619 Capricorno

303 643 425 705 bruma
441 637 613 725 pruinosi
633 637 720 722 iuga
743 635 862 699 tristia
885 636 1032 699 solueret
1052 636 1150 711 aurii}

302 764 366 806 cur
386 742 539 828 spatinrn
561 740 660 814 lueis,
685 738 846 803 madidae
868 760 931 800 eur
953 744 1105 822 tempora
1128 736 1236 801 noetis
1306 781 1316 794 a

301 844 410 908 Libra
433 845 588 929 eelerque
610 840 716 905 Aries
739 843 897 904 demenso
913 839 1069 924 pandora
1095 838 1232 924 Olympi

302 952 502 1031 aequarent,
525 967 595 1030 quo
611 949 716 1029 parte
732 943 837 1027 polus
858 941 1040 1006 sublimior
1063 942 1133 1004 alto

302 1047 444 1111 cardine
467 1046 644 1110 caeruleas
672 1043 827 1108 Thetidis
854 1067 923 1107 non
946 1048 1109 1128 tangeret
1130 1045 1255 1117 undae,

301 1148 381 1233 quis
396 1150 503 1234 polus
525 1147 718 1232 umbrifero
740 1148 851 1210 lateat
871 1145 1013 1210 decliuis
1036 1144 1075 1208 in
1098 1167 1164 1209 ane

302 1256 335 1313 et
354 1273 444 1337 vaga
461 1248 608 1336 polonii
627 1270 691 1312 eur
712 1247 819 1332 signa
843 1269 959 1312 errore
972 1248 1161 1332 ferantur.

304 1353 402 1436 Quae
425 1373 571 1415 rursum
594 1350 737 1435 ingenio
760 1350 987 1435 numerisque
1008 1348 1209 1414 Solensidus
1234 1347 1366 1425 idern¹⁸l

184 1471 195 1482 '
300 1454 463 1540 Iuppiter
486 1452 611 1540 efferri
631 1452 757 1516 ruelius
780 1453 884 1528 dedit,
913 1452 1025 1517 incola
1052 1451 1167 1516 Tauri

299 1559 409 1620 Musa
433 1561 474 1618 ut
497 1554 673 1639 Cecropios
697 1560 882 1640 raperetur
904 1560 938 1617 et
958 1543 1078 1617 Aonas
1101 1573 1214 1637 agros.

299 1661 360 1722 Me
381 1678 517 1742 quoque
539 1679 634 1720 nune
655 1655 785 1719 seriniis
807 1655 971 1719 stimulat
982 1656 1097 1740 furor
1121 1656 1219 1717 edere
1241 1674 1343 1717 versu

300 1765 460 1844 temporo,
485 1782 561 1822 curn
584 1759 687 1822 duris
709 1780 848 1822 versare
871 1758 1048 1843 ligonibus
1075 1778 1160 1820 arva

300 1861 483 1925 conveniat
504 1872 563 1929 etc.

171 1967 283 2034 Poscit
306 1967 447 2032 narratio
470 1967 598 2050 Avieni,
622 1975 656 2030 ut
678 1966 815 2031 Athenis
837 1966 955 2047 aliquis
979 1965 1113 2049 Aratum
1136 1964 1206 2027 sive
1228 1961 1408 2026 aemulatus

169 2071 212 2136 sit
241 2069 312 2134 sive
343 2068 537 2151 expresserit
564 2059 831 2132 ‘Phaenomena'.
865 2066 967 2131 ¹Unus
997 2067 1042 2130 ibi
1069 2065 1243 2146 Dionysius
1267 2098 1308 2107 —
1332 2082 1407 2144 qua-

170 2179 263 2236 tenus
294 2171 369 2235 seiri
398 2176 506 2252 potest
528 2207 569 2214 —
593 2171 712 2233 Arateo
742 2188 830 2233 more
862 2168 1022 2249 modoque
1050 2165 1266 2231 astronomiae
1296 2164 1408 2246 poesin

171 2273 319 2340 sociavit.
366 2271 511 2336 Dicimus
539 2271 638 2352 igitur
666 2272 755 2352 tangi
784 2271 825 2335 ab
856 2270 981 2334 Avieno
1004 2268 1196 2348 Dionysium
1224 2265 1407 2349 praecipue.

171 2378 220 2441 Ao
243 2374 331 2455 vide,
354 2393 451 2455 quam
475 2375 563 2437 nullo
586 2374 716 2454 negotio
737 2373 881 2437 Avienus
905 2373 992 2435 illam
1016 2370 1057 2435 de
1081 2369 1238 2453 Dionysio
1261 2368 1408 2432 notitiam

139 2546 142 2550 Α
171 2476 235 2542 sibi
258 2495 446 2558 comparare
468 2476 624 2558 potuerit,
660 2494 732 2538 oum
761 2475 816 2538 vel
847 2473 944 2538 hodie
974 2473 1141 2555 proposita
1163 2472 1195 2534 in
1219 2471 1310 2534 Arati
1333 2461 1409 2533 Vita

170 2578 364 2643 inveniatur.
409 2578 544 2641 Multum
574 2595 652 2641 vero
682 2576 714 2639 in
747 2577 808 2640 isto
838 2577 955 2639 Avieni
987 2594 1082 2640 versu
1117 2579 1228 2639 contra
1260 2572 1408 2638 codicum

170 2679 379 2746 concordiam
412 2679 474 2743 sibi
504 2679 685 2744 criticorum
716 2679 861 2761 permisit
889 2678 1035 2743 audacia.
1081 2676 1176 2757 Hugo
1199 2675 1328 2740 Grotius
1352 2693 1408 2734 ra·

163 2784 313 2864 peretur
343 2802 407 2872 non
442 2781 640 2845 intellectum
675 2781 706 2844 in
741 2782 925 2861 superaret
955 2778 1104 2855 deflexit,
1138 2778 1284 2859 Ungerus
1317 2777 1409 2858 peius

172 2885 272 2949 etiam
295 2885 479 2966 repararet
500 2884 646 2948 coniecit.
685 2880 774 2958 Quos
798 2883 874 2945 iure
893 2882 1045 2945 refutavit
1068 2881 1255 2962 Breysigius
1278 2899 1309 2960 p.
1331 2878 1409 2942 XVI

169 2987 341 3069 editionis,
379 2986 436 3052 se'd
472 2992 592 3051 rectam
627 2985 901 3066 interpretationis
935 2984 1081 3048 semitam
1113 3001 1153 3046 ne
1188 2983 1243 3046 ille
1277 2981 1407 3062 quidem

171 3087 311 3153 incessit.

257 3189 461 3254 Delectatum
497 3209 568 3254 esse
598 3188 743 3252 Eretriae
771 3187 994 3251 Menedemum
1025 3205 1097 3249 oum
1127 3182 1349 3265 Lycophronis
1376 3188 1408 3246 et

173 3293 357 3374 Antagorae
380 3299 447 3356 tum
470 3292 562 3355 Arati
585 3296 617 3354 et
643 3289 790 3353 versibus
820 3297 852 3353 et
882 3287 1113 3353 consuetudine
1144 3287 1305 3351 convivali
1335 3304 1407 3367 pro-

171 3392 256 3458 didit
285 3389 464 3476 Antig'onus
494 3392 660 3474 Carystius
691 3389 744 3469 (cf.
768 3410 799 3472 p.
823 3392 906 3466 234).
959 3390 1044 3470 Ergo
1073 3389 1191 3454 nobilis
1220 3390 1283 3452 iam
1310 3391 1408 3469 poeta

175 3501 244 3560 erat
267 3495 394 3576 Aratus,
418 3514 488 3559 cum
513 3492 738 3559 Menedemum
757 3493 901 3557 Eretriae
925 3493 1121 3572 conveniret,
1142 3479 1403 3555 ‘Phaenomenis’

172 3601 219 3672 (ut
241 3595 413 3662 didicimus
434 3595 577 3672 aliunde)
600 3595 797 3659 nobilitatus
836 3596 970 3660 Factum
993 3593 1028 3658 id
1050 3613 1121 3659 esse
1144 3600 1233 3676 patet
1254 3599 1329 3657 ante
1352 3611 1406 3654 an-

172 3717 247 3761 num
266 3697 303 3774 ὲ
318 3700 391 3779 272,
408 3717 470 3780 quo
486 3699 554 3762 fere
570 3717 654 3762 anno
670 3696 878 3762 Menedemus
894 3696 1020 3760 Eretria
1036 3695 1208 3777 excidit¹⁹l,
1227 3695 1279 3758 vel
1296 3693 1405 3757 delini·

264 3897 295 3960 n)
314 3897 447 3952 Numeros
462 3888 612 3951 ‘Salenses’
632 3898 707 3963 dicit,
726 3898 789 3964 qnia
807 3899 909 3950 Aratus
928 3895 997 3949 Cilix
1015 3902 1082 3947 erat.
1119 3894 1241 3961 Quocum
1259 3898 1322 3960 apte
1341 3908 1405 3945 con-

171 3979 235 4034 tulit
247 3981 370 4048 Scaliger
388 3983 434 4045 tad
447 3982 540 4035 Manil.
554 3999 581 4051 p.
596 3983 739 4036 serlonem
753 3982 857 4034 Manilii
876 3981 1024 4035 formosum
1042 3982 1074 4034 de
1086 3979 1237 4033 Caniculal
1256 3997 1280 4033 v.
1295 3985 1405 4047 401qu

173 4067 258 4116 Hanc
277 4086 360 4132 quarn
371 4075 529 4132 surgentem
545 4072 710 4132 primorum
722 4070 849 4115 redditur
869 4070 1039 4116 ortamentis
1057 4071 1091 4116 ab
1109 4071 1215 4116 excelso
1226 4071 1408 4132 speculantur

166 4156 272 4233 pertice
286 4155 378 4202 Tauri
389 4159 440 4204 etc.
466 4151 612 4205 Substituit
623 4158 706 4220 poeta
718 4166 847 4205 romanus
860 4145 1005 4218 pro‘Ceis'
1020 4152 1156 4218 Apollonii
1168 4150 1268 4204 Rhodii
1281 4151 1308 4203 II
1317 4167 1341 4204 v.
1356 4154 1406 4203 526

178 4235 283 4290 meolas
302 4235 386 4289 Tauri
409 4230 530 4299 montis'‚
550 4236 656 4300 Cilices,
674 4235 702 4288 in
721 4237 835 4303 gratiam
853 4236 931 4288 Arati
950 4241 1075 4289 monente
1095 4233 1239 4300 Scaligero.

263 4320 293 4387 ¹⁹)
313 4320 534 4375 Wilamowitzius
547 4317 602 4373 ‘De
620 4320 686 4390 Lyn,
706 4313 790 4374 Alex?
809 4337 835 4388 p.
850 4325 875 4374 4.
