3174 5160
766 673 813 738 Ill

258 811 404 893 Vestigia
433 809 500 875 Coa
528 811 555 874 si
591 828 673 890 quae
706 809 776 875 sive
804 811 836 873 in
867 809 967 874 Arato
996 814 1107 892 patent
1137 809 1207 873 sive
1236 808 1269 870 in
1298 812 1408 872 cetera

174 920 424 977 astronomorum
449 911 605 975 memoria
627 910 764 976 fabulari
781 911 979 995 persecuturi
995 910 1160 992 Hyginum
1176 898 1300 986 (‘Astr.’
1320 905 1352 970 Π
1367 908 1407 970 16

174 1033 205 1094 p.
222 1015 262 1074 55
285 1011 400 1087 Bunte)
430 1013 567 1095 primum
596 1013 797 1093 accedimus,
828 1013 881 1094 qui
910 1012 950 1077 de
974 1012 1111 1094 Aquilae
1141 1011 1247 1076 sidere
1276 1008 1324 1073 ita
1350 1027 1406 1072 ex·

173 1115 294 1197 posuit:
338 1111 521 1176 Nonnulli
548 1111 651 1176 ettam
681 1112 853 1176 donarant
874 1114 1048 1196 Meropem
1077 1109 1251 1196 quendam
1271 1106 1407 1193 forise,

174 1211 240 1297 an'
266 1213 337 1276 Con
367 1213 522 1277 ansulam
550 1213 706 1277 tennerit
732 1235 840 1298 regno
871 1218 904 1276 et
930 1235 951 1275 a
971 1210 1077 1298 filiae
1107 1209 1245 1275 nominc
1273 1212 1344 1275 Con
1376 1217 1409 1274 ct

175 1313 330 1379 homenes
352 1314 442 1400 apros
464 1337 484 1378 a
507 1336 543 1377 se
557 1317 717 1402 Meropes
739 1315 941 1400 adpellaret.
978 1315 1086 1378 Hnnc
1107 1318 1223 1376 aretem
1245 1312 1408 1376 babnc'ssc

174 1438 316 1481 nxorcm
349 1418 526 1502 qnamdam
561 1417 700 1481 nomene
728 1418 971 1495 Eclemeam⁴⁴l
1004 1437 1133 1500 genere
1161 1416 1407 1500 Nympharum

168 1525 396 1604 procreatam.
437 1518 633 1602 Quaeram
656 1517 800 1581 desc'crr't
820 1518 927 1581 colere
947 1515 1115 1591 Dranam,
1139 1517 1179 1579 ab
1203 1537 1241 1578 ea
1263 1515 1408 1601 sagc'ttr's

165 1620 244 1707 figi
262 1620 377 1706 cocpc't.
419 1621 572 1683 Tandem
595 1642 615 1682 a
634 1619 846 1705 Proserpina
869 1618 982 1682 arbam
1005 1619 1054 1682 ad
1074 1616 1210 1704 r'nferos
1232 1619 1407 1703 abreptam

175 1743 254 1785 essc.
290 1725 467 1806 Meropem
487 1727 603 1785 antem
627 1720 797 1785 descdcrr‘o
821 1720 943 1785 axoris
961 1726 1154 1805 permotam
1177 1725 1319 1783 martem
1341 1717 1412 1781 sc'bc'

174 1823 378 1888 consciscere
399 1822 557 1887 volutare.
600 1825 771 1887 Innonem
799 1829 915 1887 antem
942 1821 1119 1885 necsertam
1146 1820 1222 1884 cc'ns
1245 1818 1284 1883 r'n
1306 1818 1407 1904 aqne'·

174 1928 245 1990 lam
268 1933 389 2010 corpas
411 1924 487 1988 cc'ccs
509 1924 715 1989 concertasse
737 1931 771 1987 ct
792 1924 886 1989 enter
906 1925 1023 1989 sedero
1045 1921 1274 1996 constetnr'ssc,
1300 1942 1353 1995 nc,
1376 1919 1411 1984 sc'

175 2026 327 2091 homenis
350 2027 472 2112 effigie
502 2048 579 2090 enm
609 2008 848 2102 consterneret,
877 2025 1029 2090 hamonis
1057 2023 1257 2089 memoriam
1286 2029 1408 2088 tenens

175 2127 335 2212 ronengis
352 2127 522 2192 desederc'o
544 2134 748 2191 moneretur.
773 2132 821 2195 ·A
845 2131 911 2197 (loo
933 2132 1043 2213 aliquo
1066 2130 1280 2196 astronomiae
1303 2130 1407 2212 perite

177 2240 290 2315 putare
313 2234 423 2299 licebit
445 2234 544 2298 Ooam
566 2234 781 2298 narrationem
805 2233 846 2297 ad
871 2234 994 2299 caelum
1011 2233 1147 2298 relatam
1171 2250 1251 2296 esse.
1297 2230 1407 2297 Schol.

177 2335 205 2398 Τ
227 2326 354 2399 ad‘11.'
380 2333 490 2400 XXIV
512 2356 543 2400 v.
567 2336 639 2399 293.
664 2369 704 2377 -

262 2453 379 2517 Aratus
402 2474 433 2517 v.
451 2457 491 2518 30
503 2473 574 2536 sqq.
597 2453 638 2519 de
661 2453 767 2520 Ursis:
799 2450 829 2515 sl
853 2448 944 2518 ἐτεὸν
967 2450 1017 2535 δή,
1043 2450 1219 2538 Κρήτηθεν
1241 2455 1350 2515 κεῖναί
1371 2473 1408 2535 γε

175 2550 261 2629 Διὸς
288 2551 433 2636 μεγάλου
464 2551 573 2638 ἰότητι
602 2546 743 2634 οὐρανὸν
773 2551 1001 2639 εἰσανέβησαν.
1051 2553 1250 2620 Haesitando
1279 2552 1408 2619 erotica

177 2654 265 2720 Iovis
293 2655 486 2725 incunabula
514 2660 630 2721 Aratus
660 2655 814 2728 adscivit,
847 2676 917 2721 cnm
946 2658 1049 2722 altera
1076 2656 1196 2738 pariter
1224 2656 1409 2738 probabilia

178 2757 330 2822 novisset.
375 2759 425 2822 An
447 2757 640 2824 Arcadicam
669 2757 811 2822 fabulam
834 2764 940 2824 mente
962 2758 1079 2840 tenuit,
1101 2764 1137 2822 ut
1158 2758 1262 2841 primo
1286 2757 1408 2842 hymno

178 2857 420 2925 Callimachus?
464 2861 580 2926 Refelli
609 2861 643 2925 id
673 2861 820 2942 nequiret
844 2879 904 2925 nec
926 2860 1138 2944 comprobari.
1183 2858 1248 2925 Sed
1271 2860 1408 2925 alterum

179 2961 212 3024 in
234 2968 383 3044 promptu
405 2981 464 3044 per
486 2982 520 3028 se
544 2962 630 3028 haud
654 2962 909 3046 improbabilius.
947 2960 1047 3027 Ooam
1070 2962 1155 3025 enim
1179 2960 1220 3028 de
1242 2963 1331 3029 Iovis
1353 2983 1409 3027 na·

179 3060 297 3126 talibus
319 3062 462 3128 fabulam
484 3065 572 3130 felici
596 3084 745 3131 successu
767 3064 949 3148 nuperrime
969 3064 1152 3130 Dibbeltius
1174 3071 1282 3130 noster
1304 3083 1408 3131 resus-

179 3163 340 3240 citavit.⁴⁵)
386 3162 496 3240 Quid?
523 3167 550 3232 si
573 3166 673 3231 (loom
696 3166 959 3231 reminiscebatur
980 3166 1038 3231 illa
1059 3167 1202 3233 scribens
1225 3165 1407 3244 Aratusi⁴⁶l

267 3282 370 3346 Etiam
405 3284 555 3350 incertius
589 3284 679 3349 aliud
713 3285 906 3366 exemplam.
958 3287 1042 3350 Aevi
1078 3284 1281 3351 alexandrini
1315 3286 1410 3352 titulo

179 3383 318 3464 quodam
341 3382 409 3450 Coo
431 3404 463 3468 p.
486 3387 575 3448 320³⁴
605 3393 852 3452 commemorato
875 3386 1043 3469 Neptunus
1076 3407 1141 3452 una
1173 3407 1244 3453 cnm
1275 3385 1343 3452 Oce
1378 3393 1411 3453 et

179 3483 294 3550 Rhodo
322 3486 498 3551 insularum
527 3486 668 3553 heroinis
697 3488 796 3553 sacris
824 3488 963 3570 puhlicis
992 3489 1167 3554 colebatur.
1211 3486 1307 3567 Quod
1334 3489 1409 3554 reli·
1445 3524 1447 3527 ·

179 3586 275 3666 gione
299 3587 421 3652 insulae
443 3590 626 3669 constabat,
657 3589 689 3653 id
713 3589 788 3654 olim
813 3589 996 3653 fabularum
1020 3591 1175 3655 memoria
1197 3598 1409 3658 sustentatum

179 3686 277 3752 fuisse
301 3690 491 3770 opperimur.
537 3692 586 3756 Ac
608 3691 707 3755 fertur
729 3689 863 3754 Rhodus
886 3690 1100 3775 Amphitrites
1124 3712 1142 3757 e
1165 3688 1314 3775 Neptuno
1340 3691 1411 3760 filia

187 3823 382 3835 ——-..

265 3936 297 4000 ⁴⁴)
315 3938 357 3991 De
368 3940 483 3995 nominis
495 3938 583 3994 forma
594 3941 623 3992 in
636 3940 774 3996 codicibus
787 3942 945 4011 plerumque
957 3949 1087 4012 corrupta
1099 3943 1134 3996 cf.
1147 3942 1276 3998 Dibbeltii
1284 3941 1409 4010 ‘Quaeso

180 4019 251 4074 Coae
268 4016 361 4091 myth)
380 4025 490 4094 (Gryph.
511 4028 586 4088 1891)
603 4041 630 4093 p.
646 4029 685 4078 te.

266 4125 297 4189 ⁴⁵)
316 4125 419 4180 Ibidem
437 4144 464 4195 p.
479 4132 554 4195 lesq.

178 4307 202 4361 L
261 4227 391 4366 :iilum
415 4228 522 4283 sodales
547 4228 618 4283 Coos
644 4229 780 4285 cretensis
805 4231 937 4286 Dosiades
961 4237 1033 4286 erat:
1059 4232 1095 4286 of.
1119 4232 1341 4287 Wilamouitains
1356 4229 1411 4289 ‘De

202 4325 244 4379 yc.
300 4306 315 4367 .'
333 4329 360 4381 p.
378 4316 416 4367 13.
