3174 5160
540 379 575 433 X.
596 379 645 433 DE
664 379 863 434 APOLLONII
881 378 1035 435 CANOBO.
1344 379 1406 438 369

174 550 223 615 ira
246 551 369 616 oborta.
414 553 527 635 Itaque
551 551 716 634 Canobus,
746 552 822 617 dnm
844 552 1033 635 reparandis
1056 553 1193 618 navibus
1216 571 1348 635 operam
1372 554 1404 617 in

173 652 282 717 littore
305 653 481 736 impendit,
511 653 640 736 opifioio
670 653 817 721 defessus
839 654 1036 720 indormiens
1061 652 1276 737 αἱμορροΐδος
1297 675 1406 720 morsu

174 755 334 818 oooumbit
345 761 487 838 repente.
511 754 701 820 Vehementi
715 762 823 821 autem
839 756 950 821 dolore
970 756 1095 821 Helena
1111 775 1266 839 oppressa
1278 756 1406 840 spinam

172 854 270 936 fregit
291 858 443 938 serpenti,
466 877 506 922 ne
530 857 653 923 moveri
676 858 708 920 in
723 864 887 939 postorum
908 857 1036 923 citatius
1058 865 1177 941 posset.
1219 859 1336 924 Evenit
1358 860 1404 923 in·

172 974 280 1038 super,
303 964 338 1021 ut
353 957 516 1024 helenium
539 959 639 1023 herba
662 958 837 1023 elaorimis
852 957 996 1023 Helenae
1019 966 1094 1024 tuno
1117 967 1213 1025 enata
1226 960 1404 1026 remedium

171 1077 297 1124 veneno
325 1058 417 1125 fieret
445 1061 606 1126 idoneum.
651 1061 892 1126 Monumentum
920 1059 1084 1125 Menelaus
1115 1063 1321 1143 gubernatori
1350 1081 1404 1126 ex·

171 1161 289 1224 struxit
302 1161 336 1224 in
360 1181 399 1226 oa
415 1162 528 1243 insula,
552 1162 602 1225 oui
619 1162 674 1228 ille
690 1182 806 1228 nomen
823 1162 1051 1244 commodavit,
1068 1164 1224 1229 oolumnis
1241 1171 1403 1246 ornatnm;

171 1261 277 1343 ipsum
301 1261 466 1328 Canobum
488 1263 633 1346 Iuppiter
655 1299 697 1307 -
718 1266 772 1329 vel
794 1265 821 1329 si
845 1264 916 1346 quis
938 1264 998 1328 fuit
1019 1264 1101 1328 alter
1124 1300 1165 1308 —
1187 1266 1270 1329 inter
1293 1266 1403 1331 stellas

172 1364 351 1446 constituit,
381 1373 416 1429 ut
436 1365 540 1430 lnoem
570 1368 747 1448 praeferret
769 1366 885 1431 Rhodo
908 1368 1093 1448 Aegyptum
1115 1367 1316 1449 petentibus,
1338 1386 1402 1431 non

170 1464 264 1529 aliter
292 1484 388 1548 quam
419 1465 568 1532 Canobus
596 1469 656 1533 iter
685 1469 832 1533 Menelao
863 1473 894 1532 et
916 1467 1060 1532 Helenae
1089 1487 1148 1551 per
1171 1466 1303 1533 easdem
1326 1469 1401 1532 olim

170 1567 320 1648 regiones
341 1576 576 1634 monstraverat
597 1570 790 1650 gubernans.

216 4401 323 4455 Philolog.
337 4402 536 4456 Untsrsuohungen
549 4403 600 4445 XII.
