3166 5166
448 328 484 385 11.
504 327 553 382 DE
571 329 686 383 Anah]
706 328 839 384 comcs
857 330 1100 385 HIPPARCHHO.
1355 333 1393 390 81

166 501 256 567 νυκτὶ
278 497 477 584 πανσελήνῳ
493 499 632 585 λαμπρὰ
649 505 822 586 φαίνεται·
847 494 885 567 οὗ
909 498 996 581 (οὔτε
1023 503 1138 581 codex)
1147 506 1166 581 ¹)
1189 500 1251 586 γὰρ
1273 504 1396 569 πολλοὶ

165 595 266 686 αὐτὴν
282 599 533 687 λαμπρύνουσιν
550 595 695 685 ἀστέρες.
720 639 758 648 -
776 596 814 667 οὗ
830 602 891 690 γάρ
914 629 972 687 μιν
988 600 1122 690 πολλοί]
1145 599 1163 688 ἡ
1182 609 1396 670 Κασσιέπεια

163 696 308 788 ἀστέρας
330 701 397 783 ἔχει
419 702 475 768 ἐπὶ
499 707 558 769 τοῦ
582 698 735 787 σώματος
760 704 795 769 ἐκ
819 703 1045 790 διαστήματος
1068 698 1219 793 ἀλλήλων
1242 700 1315 770 κατ’
1342 699 1395 772 εὗ-

164 812 265 871 δεῑαν
288 803 333 879 ὡς
356 803 489 890 ἐ’γγιστα
512 810 689 888 κειμένους,
718 800 764 870 ὦν
787 802 803 870 ὁ
827 806 1042 891 βορειότατος
1064 807 1123 873 ἐπὶ
1146 811 1204 894 τῆς
1226 807 1395 891 καθέδρας

163 906 265 985 ἐστίν,
289 900 307 972 δ
331 904 367 970 δὲ
388 905 590 985 νοιιιότατος
613 906 671 975 ἐπὶ
686 911 745 992 τῆς
766 910 922 996 κεφαλῆς,
948 909 981 974 οἱ
1005 908 1040 973 δέ
1055 908 1180 974 τούτων
1196 907 1318 990 μεταξὺ
1336 906 1395 972 δύο

163 1007 200 1074 τὸ
216 1010 276 1095 τῆς
291 1011 490 1093 Λακωνικῆς
507 1009 652 1087 δικλίδος
665 1013 772 1095 σχῆμα
785 1014 925 1076 ποιοῦσι
939 1014 1101 1090 τοιοῦτον,
1118 1004 1163 1076 ὦν
1174 1006 1193 1096 ἡ
1206 1010 1266 1092 μὲν
1277 1008 1394 1096 πρώτη

163 1108 297 1196 γραμμή
320 1110 393 1175 ἐστι
407 1108 444 1175 τδ
470 1114 576 1194 στῦμα,
600 1107 619 1198 ἡ
644 1112 680 1176 δὲ
702 1113 830 1196 πλαγία
852 1109 893 1177 τὰ
917 1110 1041 1195 γόνατα
1064 1113 1203 1193 (tssekk.
1219 1134 1251 1197 p.
1268 1116 1319 1196 68,
1332 1117 1395 1191 69).

164 1216 259 1280 Patet
274 1215 371 1296 igitur
394 1215 459 1279 iam
481 1221 555 1280 ante
573 1214 792 1298 Hipparchum
808 1216 917 1297 paullo
936 1223 1009 1297 post
1030 1216 1121 1281 Arati
1146 1217 1246 1298 ipsius
1269 1221 1394 1298 tempus

162 1317 336 1398 scripturas
366 1315 439 1382 illas
467 1334 525 1398 per
553 1317 752 1400 exemplaria
779 1322 895 1399 poetae
926 1317 1060 1382 traditas
1083 1318 1191 1382 fuisse.
1237 1318 1394 1383 Iteramns
1463 1380 1466 1386 a

162 1438 247 1501 quae
276 1419 309 1483 in
332 1416 472 1482 Hermae
501 1418 665 1485 uolumine
688 1419 768 1484 XIX
790 1439 821 1503 p.
842 1422 901 1482 122
931 1419 972 1485 de
1001 1420 1087 1485 omni
1117 1419 1178 1484 hac
1207 1420 1394 1501 quaestione

162 1521 301 1603 professi
317 1538 440 1585 sumus:
454 1512 547 1584 ‘Cum
563 1520 663 1584 multa
678 1541 716 1585 ac
731 1522 846 1604 gravia
861 1523 995 1587 Aratum
1011 1540 1134 1587 errasse
1150 1540 1192 1586 ex
1207 1518 1394 1603 Hipparcho

163 1623 243 1688 satis
266 1626 399 1703 constet,
423 1642 486 1687 non
509 1622 689 1687 traditionis
711 1623 910 1688 certissimae
933 1630 966 1688 et
980 1629 1185 1706 pervetustae
1200 1622 1313 1687 vitium
1337 1619 1395 1686 sed

163 1723 400 1806 neglegentiam
430 1730 546 1806 poetae
576 1723 629 1788 vel
655 1744 759 1789 rernm
782 1726 1065 1790 astronomicarum
1089 1724 1247 1789 inscitiam
1271 1723 1394 1787 incusa-

163 1827 278 1892 bimus.
323 1825 455 1890 Frustra
478 1825 589 1906 igitur,
617 1831 653 1889 ut
675 1826 807 1891 Aratum
830 1832 998 1910 purgaret,
1021 1825 1100 1890 mihi
1123 1846 1181 1890 sna
1204 1828 1281 1906 (pti
1306 1822 1394 1895 edit.)

162 1927 347 2009 disputasse
369 1926 581 1992 Buttmannus
604 1926 739 2011 videtur,
764 1946 847 2010 qnae
870 1927 1062 2010 adponenda
1084 1934 1170 1992 sunt:
1191 1920 1294 1991 ‘Istud
1316 1923 1394 1989 mihi

164 2028 250 2094 hand
274 2028 500 2111 persuadetur,
524 2029 649 2111 lapsum
673 2047 746 2100 esse
768 2029 901 2093 Aratum
926 2031 1125 2111 ignoratione
1148 2028 1231 2108 signi
1254 2027 1395 2092 omnium

163 2131 331 2212 notissimi,
355 2131 444 2196 cuius
461 2131 602 2212 quinque
619 2132 732 2195 tertiae
748 2131 977 2213 magnitudinis
993 2131 1106 2196 stellae
1123 2147 1245 2211 eaeque
1268 2129 1294 2193 si
1311 2147 1394 2209 quae

163 2232 247 2297 aliae
264 2230 448 2318 ἐπημοιβοί
470 2237 510 2314 et,
534 2239 569 2296 ut
584 2231 742 2313 videmus,
766 2233 807 2297 ob
823 2233 959 2297 formam
975 2233 1169 2314 singularem
1192 2229 1302 2312 digitis
1318 2231 1394 2295 olim

164 2332 321 2415 quottidie
352 2338 546 2398 monstratae
575 2353 710 2416 parvum
738 2333 818 2398 illud
856 2335 981 2415 signum
1011 2338 1111 2398 totum
1141 2334 1280 2415 opplent.
1331 2331 1391 2395 Illo

164 2435 262 2517 igitur
289 2435 359 2516 ipso
390 2430 605 2519 «ἐπημοιβοί»
629 2435 802 2519 evincitur,
832 2436 1025 2501 affirmative
1048 2435 1132 2499 hunc
1153 2455 1281 2500 uersum
1304 2434 1392 2498 lecti·

164 2542 265 2600 tatum
277 2537 376 2602 fuisse
388 2537 420 2600 in
433 2539 675 2620 antiquissimis,
692 2557 774 2619 quae
787 2537 991 2621 Hipparchus
1004 2557 1066 2602 non
1078 2536 1206 2617 uiderit,
1219 2535 1392 2617 exemptis,

165 2643 199 2702 et
228 2638 396 2703 commode
420 2660 440 2703 a
463 2640 702 2706 vindobonensi
729 2639 859 2704 offertur
888 2641 1045 2722 scriptura
1073 2622 1105 2724 «ἦ
1129 2635 1204 2721 γάρ»
1233 2638 1312 2708 (scil.
1336 2655 1394 2718 pro

164 2730 217 2802 «οὗ
247 2735 351 2821 odori:
384 2760 446 2821 quo
476 2748 582 2806 tamen
613 2740 749 2806 efficitur
778 2742 810 2803 in
840 2740 895 2820 iis,
927 2761 1009 2822 quae
1040 2741 1124 2805 hunc
1152 2760 1280 2805 uersum
1303 2757 1393 2820 prae-

164 2840 299 2922 cedunt,
328 2849 363 2905 ut
385 2843 511 2925 fulgens
534 2843 754 2926 praedicatum
784 2861 855 2907 esse
887 2841 948 2906 hoc
976 2835 1115 2922 signum’
1143 2851 1202 2907 etc.
1232 2841 1394 2905 Mittamus

165 2943 463 3028 vindobonensem,
492 2946 583 3011 nulla
605 2942 798 3010 emendandi
821 2934 1020 3008 necessitas'.
1066 2944 1210 3025 Iniquius
1233 2943 1273 3006 de
1297 2944 1395 3006 Arato

166 3046 244 3110 olim
268 3044 350 3112 haec
371 3067 392 3110 a
414 3048 506 3114 nobis
529 3047 616 3113 dicta
644 3065 728 3111 nunc
751 3045 906 3110 dolemus.
953 3043 1111 3126 Splendet
1133 3046 1216 3108 enim
1240 3041 1397 3125 particula

166 3146 297 3230 quidem
320 3146 514 3231 Cassiepeae
537 3149 679 3214 dilucide
687 3197 695 3229 ,
727 3165 810 3229 quae
840 3151 994 3227 exparte
1023 3146 1091 3209 iure
1116 3146 1250 3208 obscura
1273 3142 1397 3206 dicetur

167 3249 328 3314 nonnullis
350 3248 472 3332 figurae
496 3252 646 3316 memhris
669 3251 834 3315 stellarum
858 3247 981 3328 fulgore
1006 3247 1134 3311 orbatis.
1173 3247 1251 3310 Rem
1273 3243 1395 3310 intelle·

167 3352 274 3416 ximus
289 3352 362 3433 ipsi,
378 3371 450 3417 cum
467 3351 585 3416 tradita
600 3353 801 3433 antiquorum
825 3347 866 3412 de
882 3348 981 3412 Arato
997 3347 1118 3412 iudicia
1133 3365 1397 3430 persequeremur

167 3453 221 3525 (cf.
238 3473 308 3535 cap.
325 3454 430 3537 vlit),
453 3455 577 3518 monuit
600 3454 696 3517 etiam
721 3450 996 3515 Wilamowitnius.

254 3555 291 3619 V.
311 3556 371 3618 198
395 3557 620 3636 «κεκασμένον»
643 3551 823 3638 Hipparchi
847 3553 1068 3619 corroboratur
1084 3553 1237 3617 Marciani
1259 3558 1290 3616 et
1309 3557 1398 3614 textu

166 3663 203 3723 et
224 3655 340 3723 scholii
368 3657 528 3723 lemmatis
558 3678 597 3722 ac
623 3656 813 3742 paraphrasi
839 3645 1063 3738 Ἀνδρομέδης
1089 3647 1155 3717 ὑπὸ
1182 3653 1280 3738 μητρί
1304 3673 1398 3713 κεκα-

170 3761 301 3840 σμένον]
317 3752 362 3832 ὡς
378 3756 464 3840 πρὸς
480 3756 650 3842 σύγκρισιν
669 3763 727 3846 της
742 3754 877 3847 μητρός.
908 3752 945 3819 τὸ
970 3753 1005 3817 δὲ
1021 3758 1247 3835 «κεκασμένον»
1265 3773 1399 3833 κεχιερο-

167 3863 300 3942 σμένον.
325 3853 441 3944 οὐγὰρ
460 3858 549 3925 πάνυ
565 3863 710 3949 πλησίον
727 3859 826 3945 αὐτῆς
844 3858 944 3921 ἐστιν.
967 3855 1131 3940 γράφεται
1149 3855 1253 3919 δὲκαὶ
1270 3875 1399 3932 «κεκομ-

169 3966 292 4043 μένον»,
316 3954 362 4026 ἵν)
388 3987 408 4048 η
431 3963 692 4049 τεδρηνημένονε
717 3980 909 4044 quamquam
933 3959 1047 4025 scholii
1072 3959 1318 4041 explicationem
1344 3955 1399 4017 im-

170 4063 371 4147 probandam
395 4085 569 4131 censemus.
610 4065 692 4128 Nam
708 4064 892 4127 καίνυσθαί
913 4084 989 4124 τινα
1013 4068 1061 4126 est
1080 4053 1256 4141 ‘praestare
1275 4047 1399 4138 alicui',

259 4192 337 4262 1)οδ
360 4196 447 4251 codex
469 4196 608 4250 Parisinus
631 4199 655 4247 A
674 4200 738 4249 trata
759 4213 780 4250 s.
794 4193 962 4248 XlIl-XlV
981 4192 1026 4257 (cf.
1047 4193 1117 4246 infra
1142 4194 1211 4251 913».
1253 4191 1401 4255 Insequens

171 4281 307 4336 scholium
326 4297 438 4352 prorsus
457 4288 622 4350 corruptum.
1194 4330 1197 4335 .

223 4375 332 4428 Philolog.
346 4375 545 4428 Untersuchnngen
557 4376 610 4418 XII.
1234 4366 1249 4412 6
