3174 5160
278 345 329 400 ΠΙ.
348 345 398 399 DE
418 347 530 401 asari
548 342 816 401 INTERPRETUM
834 346 895 414 QUI
913 347 1062 402 Fuscus
1081 349 1287 404 CATALOGO.
1338 349 1396 406 127

259 519 467 604 Seposnimus
489 519 710 605 philosophos.
755 522 952 606 Pythagorei
961 522 1002 604 ¹⁰),
1027 524 1119 588 Plato
1127 524 1176 606 l⁰),
1201 525 1398 608 Aristoteles,

175 623 370 705 Epicnrns²¹l
392 643 504 689 vocem
527 621 634 697 πόλος
657 624 697 690 de
713 626 804 690 caelo
820 626 994 690 evitabant.
1040 625 1139 692 Stoici
1163 646 1240 692 vero
1264 628 1295 690 in
1319 627 1399 692 duas

172 730 277 805 partes
302 724 489 791 discessisse
518 725 676 792 videntur.
721 726 835 809 Neque
864 727 949 791 enim
980 728 1012 791 in
1035 727 1245 811 Chrysippeis
1268 729 1399 795 Gerchii

171 823 274 903 πόλος
300 828 479 893 invenimus
508 828 566 893 sed
596 820 734 908 οὐρανός
764 848 891 912 semper
920 829 970 901 (cf.
995 831 1031 894 fr.
1057 830 1125 914 17),
1156 850 1266 895 verum
1304 830 1401 897 hahet

171 928 343 995 Cleanthes
365 931 478 995 Assius
500 931 532 993 in
561 928 680 1013 hymno
703 933 735 995 in
758 932 868 996 Iovem
892 931 935 1006 (Il
956 952 986 1014 p.
1004 932 1112 997 XVIII
1129 932 1302 1010 Wachsm.)
1324 925 1401 998 οὐδὲ

171 1055 199 1094 τι
223 1035 371 1114 γίγνεται
394 1029 487 1114 ἔργον
504 1028 562 1094 ἐπὶ
582 1033 684 1112 χθονὶ
708 1034 767 1096 σοῦ
790 1031 874 1112 δίχα,
899 1031 1029 1113 δαῖμον,
1054 1027 1130 1097 οὔτε
1145 1027 1218 1097 κατ’
1246 1032 1400 1118 αἰθέριον

170 1135 266 1196 θεῖον
296 1129 404 1196 πόλον
428 1124 499 1197 οὔτ’
534 1131 583 1198 ἐνὶ
612 1132 737 1218 πόντῳ.
782 1135 984 1219 Quamquam
1013 1140 1121 1219 magni
1150 1138 1285 1204 tacimus
1315 1139 1399 1221 quod

170 1255 206 1301 ne
229 1234 405 1302 Cleanthes
432 1236 560 1320 quidem
585 1235 779 1303 definitionis
803 1258 865 1321 ope
886 1239 1008 1304 nudare
1030 1258 1144 1304 vocem
1167 1242 1400 1320 generaliorem

170 1339 280 1402 voluit.
318 1339 368 1404 Ac
383 1341 523 1404 constitit
546 1340 577 1402 in
600 1341 663 1406 isto
685 1361 772 1406 more
789 1341 913 1407 Sennea
928 1343 1047 1406 stoicus
1061 1332 1218 1424 ‘Epistul'
1256 1342 1364 1406 XVIII
1382 1347 1400 1405 4

170 1440 278 1506 lovem
303 1440 513 1506 Cleanthenm
536 1442 581 1506 ita
603 1442 733 1508 affatus:
759 1440 834 1515 duc,
857 1430 1023 1524 operans
1044 1437 1192 1524 celsique
1207 1440 1402 1523 αόαιινισόον

164 1539 247 1624 poli.
293 1543 383 1608 Idem
404 1535 567 1627 ‘Thyest'.
591 1565 620 1609 v.
640 1549 679 1609 49
702 1563 766 1605 cur
787 1540 919 1606 micant
935 1541 1056 1604 stellae
1072 1542 1152 1624 polo
1165 1543 1402 1628 flammaeque

169 1648 313 1706 servant
340 1641 489 1707 debitum
519 1645 649 1707 mundo
686 1646 802 1720 decus,
831 1638 990 1712 ‘Phaedn’
1023 1667 1052 1709 ν.
1072 1649 1153 1711 1092
1184 1645 1401 1709 Phaethonta

169 1766 296 1809 currus
326 1743 423 1808 devio
451 1745 605 1809 excussat
623 1748 718 1831 pole,
744 1772 772 1814 v.
788 1752 849 1814 663
878 1767 1085 1832 quacunque
1113 1744 1246 1810 siderei
1264 1747 1344 1832 poli
1362 1747 1401 1811 ιἰι
1506 1803 1508 1806 ,

165 1847 400 1932 partesulges
412 1851 587 1927 (Ariadne).
611 1852 756 1918 Imbutus
769 1852 948 1918 Stoicorum
962 1872 1088 1935 qnoque
1099 1853 1228 1934 placitis
1237 1845 1397 1919 ‘Aniochi'

171 1953 449 2035 pseudoplatonici
479 1954 615 2037 scriptor
645 1975 670 2018 c.
690 1956 728 2016 12
751 1973 782 2036 p.
805 1958 863 2019 371
883 1955 925 2018 A:
955 1949 1039 2035 μετὰ
1069 1950 1128 2036 τὴν
1156 1955 1216 2017 τοῦ
1246 1946 1401 2035 σώματος

171 2052 263 2118 λύσιν
284 2050 345 2139 τὴν
369 2052 476 2141 ψυχὴν
501 2053 548 2130 εἰς
570 2053 629 2118 τόν
645 2049 768 2141 diripias
788 2068 908 2141 χωρεῖν
930 2054 1036 2120 τόπον
1051 2053 1136 2120 κατὰ
1160 2053 1219 2140 τὴν
1241 2050 1401 2140 ὑπόγειον

171 2153 309 2240 οἴκησιν,
334 2153 368 2218 ἒν
390 2149 411 2240 ᾗ
433 2156 590 2238 βασίλεια
606 2154 806 2232 Πλούτωνος
829 2150 886 2237 οὐχ
908 2148 996 2243 ἥττω
1019 2160 1077 2244 τῆς
1099 2160 1158 2222 σοι]
1181 2156 1267 2233 Διὸς
1291 2154 1400 2242 αὐλῆς,

171 2249 228 2322 ἅτε
250 2259 311 2344 τῆς
333 2257 394 2339 μὲν
416 2260 476 2344 γῆς
491 2255 628 2344 ἐχούσης
651 2256 691 2321 τὰ
707 2263 793 2340 μέσα
816 2261 875 2322 τσῦ
891 2257 1025 2339 κόσμου,
1050 2263 1109 2324 τοῦ
1129 2258 1165 2324 δὲ
1181 2258 1288 2324 πόλον
1305 2254 1402 2335 ὄντος

172 2358 426 2446 σφαιροειδοῦς,
458 2351 496 2423 οὗ
518 2357 555 2424 τὸ
580 2359 641 2441 μὲν
670 2358 780 2444 ἕτερον
802 2355 1025 2448 ἡμισφαίριον
1047 2363 1126 2426 θεοὶ
1150 2361 1266 2443 ἔλαχον
1289 2362 1320 2426 οἱ
1345 2354 1401 2426 οὗ·

171 2459 295 2546 ράνισι,
325 2458 364 2526 τὸ
395 2459 431 2525 δὲ
458 2459 568 2545 ἕτερον
598 2461 630 2526 οἱ
652 2457 878 2546 discrepeat)
902 2465 1066 2540 (didicisse
1090 2487 1124 2532 se
1154 2466 1232 2531 dicit
1254 2466 1401 2548 Gobryas

170 2585 282 2648 magus
307 2584 348 2629 ex
364 2564 646 2647 Hyperboreorum
662 2568 778 2633 tabulis
802 2568 911 2632 aeneis
934 2568 1008 2632 Deli
1029 2569 1204 2652 positisl²³t
1238 2567 1289 2632 Ad
1313 2570 1401 2633 cuius

259 2783 290 2847 ¹⁹)
310 2782 387 2836 Plato
408 2777 506 2838 ‘Tim'.
532 2801 557 2852 p.
579 2789 611 2838 28
630 2785 653 2836 Β
671 2801 707 2840 (υ
720 2776 886 2852 ‘Epinomis’
909 2784 1026 2853 Philippi
1049 2801 1076 2852 p.
1090 2789 1139 2839 977
1158 2786 1195 2850 Β,
1220 2784 1265 2852 qui
1287 2784 1403 2837 Philolai

172 2868 333 2921 sententiam
351 2870 539 2938 amplectitur:
559 2869 647 2923 Zeller
664 2871 691 2922 Ι5
708 2887 735 2938 p.
749 2875 814 2934 rto,
833 2869 990 2923 Praetorius
1009 2870 1035 2922 in
1050 2864 1199 2924 ‘Tirocinio
1217 2868 1282 2936 phil.
1302 2861 1401 2922 Bonn'.

169 2970 194 3020 r>-
208 2959 293 3023 asir·

256 3039 289 3102 ²⁰)
308 3039 349 3093 cf.
368 3038 482 3092 Inferius
500 3056 527 3109 p.
543 3045 601 3095 128.

256 3125 288 3189 ²¹)
307 3123 392 3178 Deest
409 3125 541 3179 terminus
560 3126 640 3179 etiarn
659 3124 732 3192 apud
750 3124 915 3178 Lucretium.

257 3209 290 3273 ²²)
308 3208 362 3262 Vix
375 3209 523 3264 credideris
535 3207 629 3266 πόλον
641 3210 693 3264 isto
711 3210 771 3263 loco
785 3209 820 3262 ad
832 3210 899 3263 caeli
912 3215 1042 3277 punctum
1061 3209 1271 3276 septentrionale
1288 3208 1402 3261 relatum

171 3308 231 3348 esse
250 3309 267 3346 a
284 3293 462 3361 Stephaniani
480 3293 614 3349 Thesauri
633 3295 779 3350 editoribus
797 3312 819 3349 s.
839 3312 863 3348 v.

258 3378 290 3442 l³)
308 3379 446 3433 Axiochns
464 3385 528 3448 post
546 3381 684 3435 saeculum
702 3395 727 3435 a.
742 3381 804 3433 Chr.
818 3382 856 3434 IV
876 3386 950 3434 ortus
970 3395 1029 3433 esse
1047 3396 1149 3433 summo
1168 3378 1321 3432 arideorum
1339 3394 1401 3431 con-

171 3479 253 3518 sensu
270 3465 330 3518 iure
347 3464 491 3519 iudicatur.
528 3465 632 3532 Quibus
657 3482 755 3520 novum
778 3465 900 3519 addimus
925 3472 1111 3532 argumentum
1134 3480 1149 3518 e
1167 3464 1248 3519 libelli
1267 3465 1339 3516 exitu
1358 3464 1402 3516 de-

170 3556 340 3618 promptum,
366 3550 445 3604 simul
467 3557 498 3604 ut
525 3553 654 3619 temporis
682 3555 774 3605 notam
803 3553 998 3605 accuratiorem
1027 3551 1223 3604 nanciscamur.
1268 3549 1402 3617 Gohryam

170 3651 277 3703 magum
302 3636 348 3690 illa
367 3636 494 3691 Socrates
518 3653 609 3692 secum
634 3639 845 3690 communicasse
870 3637 943 3690 dicit.
981 3639 1067 3688 Arum
1091 3634 1161 3688 enim
1185 3635 1311 3702 Gohryae
1329 3635 1403 3687 iussu

170 3714 271 3774 Xerxi&
280 3721 343 3774 dum
356 3721 457 3775 bellum
467 3723 599 3776 Graeciae
608 3723 698 3789 Infert,
710 3722 805 3775 Delum
816 3728 957 3791 postquam
968 3726 1136 3788 occupasset,
1148 3735 1162 3773 e
1174 3719 1281 3773 tabellis
1292 3719 1401 3786 quibus-

172 3806 233 3858 dam
251 3807 352 3872 aeneis,
371 3823 438 3874 quas
457 3823 490 3861 ex
503 3807 739 3876 Hyperboreorum
758 3814 831 3860 terra
848 3808 1003 3861 attulissent
1015 3805 1082 3874 Opis
1101 3810 1128 3858 et
1140 3806 1285 3871 Hecaerge,
1305 3820 1402 3871 cogno-

171 3891 242 3944 visse
259 3891 377 3943 animam
395 3892 429 3944 ad
446 3892 547 3946 interos
571 3893 599 3944 in
618 3891 731 3944 alterum
751 3893 818 3944 caeli
836 3896 898 3954 (τοῦ
917 3890 1018 3954 πόλου)
1037 3890 1233 3945 semicirculum
1251 3891 1402 3956 degressam

170 3976 197 4028 in
221 3975 265 4029 ius
289 3977 389 4031 vocari
426 3977 503 4045 Quod
529 3977 663 4045 quomodo
688 3976 777 4041 fieret,
802 3977 950 4030 secundum
976 3976 1154 4043 Orphicorum
1179 3976 1310 4028 rationem
1328 3974 1403 4026 illum

172 4066 300 4114 accurate
318 4075 469 4115 enarrasse.
502 4063 601 4115 Mirum
619 4067 710 4115 tamen
728 4062 794 4114 illud
813 4062 938 4130 scriptor,
957 4068 988 4114 ut
1006 4067 1047 4114 est
1065 4061 1169 4114 consilii
1187 4062 1307 4126 artisque
1325 4060 1403 4126 inops
1475 4058 1476 4062 ’

172 4147 324 4211 admodum,
334 4147 473 4200 declarare
483 4147 583 4214 omisit,
602 4148 647 4216 qui
658 4147 839 4215 explicaretur
849 4148 920 4214 quod
938 4153 1000 4199 ante
1011 4146 1120 4199 bachari
1130 4145 1274 4198 adventum
1286 4144 1403 4197 tabellae

173 4231 241 4285 istae
259 4231 288 4284 in
306 4230 394 4284 media
413 4231 545 4285 Graeciae
563 4234 624 4286 luce
642 4233 748 4301 positae
766 4247 798 4284 ac
817 4247 913 4298 graece
932 4231 1050 4298 scriptae
1065 4231 1229 4282 Graecorum
1242 4229 1309 4282 nulli
1326 4228 1403 4281 inno-

171 4318 296 4370 tuerunt:
314 4316 355 4368 ita
375 4317 445 4368 enim
458 4321 581 4384 apertum
601 4323 642 4371 est
662 4317 778 4370 voluisse
789 4318 956 4370 narrationis
970 4317 1186 4384 compositorem.
1218 4316 1305 4367 Multo
1323 4313 1405 4378 igitur·
