3174 5160
456 362 489 417 V.
509 361 559 416 DE
577 361 691 415 ARATI
710 359 870 415 SCRIPTIS
888 357 1121 412 DEPERDITIS.
1343 354 1404 413 217

768 534 816 598 111

261 654 540 718 ΔΙΟΣΗΜΙΑΣ
559 653 818 736 pinacographus
841 653 1104 718 commemoravit
1119 651 1237 716 Achill.
1255 670 1284 732 p.
1303 654 1342 711 55
1356 649 1404 714 W.

175 756 275 822 Cuius
292 756 366 820 libri
380 756 503 820 nullum
519 755 691 836 vestigium
705 753 986 836 deprehendimus.
1018 753 1068 817 Ne
1083 755 1186 836 ipsam
1203 770 1275 817 esse
1286 745 1403 817 ‘Phae-

172 847 396 923 nomenorum'
427 862 550 939 partem
573 856 718 921 ultimam
741 855 934 936 iudicemuS,
965 875 1004 919 ea
1027 856 1155 920 obstant
1183 874 1265 938 quae
1288 875 1318 938 p.
1342 859 1404 919 215

173 959 420 1041 disputavimus.
454 958 540 1040 Ergo
562 957 643 1022 nihil
666 957 834 1040 reliquum,
857 958 920 1020 nisi
942 963 977 1020 ut
999 977 1131 1040 pravam
1148 956 1258 1021 Buhlii
1282 957 1405 1040 opinio-

173 1079 247 1126 nem
272 1061 435 1143 quaudam
450 1060 625 1125 refutemus
641 1079 659 1124 e
675 1058 777 1124 Suida
792 1065 991 1140 procreatam
1007 1080 1031 1125 s.
1050 1080 1079 1123 v.
1100 1057 1225 1140 χειμών
1249 1051 1406 1140 ὀρνιθίας

174 1168 269 1236 t=s.
286 1183 317 1228 v.
334 1154 516 1245 ὀρνιθίας)]
547 1154 564 1225 ὀ
590 1156 647 1223 Arri
676 1156 735 1245 τὴν
764 1160 822 1245 γην
849 1155 891 1223 τὰ
920 1153 1019 1240 ὀρνεα
1047 1159 1222 1245 στορεννύς
1250 1156 1317 1227 ύντδ
1347 1162 1406 1251 της

172 1267 306 1347 ψυχρᾶς
328 1266 443 1350 ττνοης,
467 1266 638 1327 τουτέστιν
662 1256 679 1325 ὀ
704 1258 864 1345 σφοδρός,
890 1258 923 1325 έν
947 1254 974 1345 ηδ
996 1260 1116 1327 καὶτὰ
1140 1258 1239 1348 ὀρνεα
1262 1269 1404 1351 φθείρε-

172 1392 287 1432 ται-
305 1366 437 1451 λέγεται
458 1364 565 1428 δὲκαὶ
587 1357 728 1443 «ὀνεμος
751 1354 928 1446 ὀρνιθίας»
943 1352 1020 1450 -ἢ
1043 1356 1097 1429 ὅτι
1118 1362 1161 1429 τὰ
1177 1360 1276 1448 ὄρνεα
1298 1371 1404 1432 ταύτα

170 1470 337 1550 χειμῶνος
360 1472 533 1552 φαίνεται,
558 1459 604 1540 ιός
620 1457 766 1550 Ἄρατός
788 1487 900 1552 φησιν.
939 1467 1126 1532 Desiderari
1143 1467 1224 1535 haec
1239 1471 1270 1533 in
1287 1464 1403 1536 ‘Phae-

173 1562 397 1637 nomenorum'
431 1576 521 1654 parte
550 1568 664 1633 ultima
692 1567 831 1650 ideoque
860 1567 1029 1650 deperdito
1058 1571 1155 1635 alicui
1178 1571 1261 1636 libro
1285 1574 1403 1639 Aretes

174 1673 383 1738 retribuenda
405 1689 477 1737 esse
498 1670 634 1735 Buhlius
657 1670 834 1752 speciosius
857 1690 952 1752 quam
975 1671 1082 1735 verius
1105 1671 1208 1736 edixit
1230 1675 1261 1739 ll
1282 1694 1313 1758 p.
1331 1679 1402 1739 462.

171 1777 292 1842 Verum
305 1776 333 1842 si
344 1775 490 1854 dixisset,
503 1774 661 1855 cogitares
671 1773 740 1837 sive
753 1771 793 1836 de
805 1772 1167 1838 ΔΙΟΣΗΜΙΑΙΣιοα
1180 1774 1220 1841 de
1233 1778 1405 1859 scriptione

171 1880 284 1942 ΠΕΡΙ
302 1876 496 1953 ΟΡΝΕΩΝ,
513 1877 603 1941 cuius
615 1875 769 1940 memoria
781 1893 798 1938 e
811 1874 910 1939 Pselli
922 1874 1069 1940 versibus
1082 1877 1222 1957 politicis
1237 1886 1403 1950 190-197

170 1981 225 2047 vel
241 2001 260 2046 e
277 1979 504 2046 commentario
519 1978 626 2060 potius
643 1977 675 2040 in
688 1977 877 2059 Dionysium
891 1975 1050 2041 Thracem
1062 1971 1258 2051 t‘Anecdota
1269 1979 1400 2065 graeca'

173 2081 225 2148 ed.
250 2080 451 2146 Boissonade
472 2079 521 2143 III
543 2098 574 2162 p.
592 2081 666 2155 210)
692 2080 822 2160 cognita
845 2085 901 2143 cst.
948 2080 1152 2162 Praeplacuit
1176 2083 1237 2150 hoc
1260 2092 1292 2151 et
1313 2086 1403 2155 Bois·

171 2183 310 2251 sonadio
327 2191 359 2248 et
373 2180 583 2264 Bernhardyo
607 2181 659 2258 (ad
676 2179 797 2245 Suidae
814 2180 834 2243 l.
852 2184 901 2261 c),
925 2185 1072 2262 quamvis
1096 2184 1279 2254 haesitaret.
1317 2189 1403 2268 Quid

172 2285 279 2352 vero?
312 2284 465 2349 Errarunt
480 2304 598 2365 omnes,
622 2285 699 2365 quia
721 2283 937 2347 adnotationis
953 2282 1129 2352 Suidianae
1151 2291 1271 2355 fontem
1295 2295 1403 2374 negle-

173 2397 298 2454 xerunt.
338 2385 469 2452 Scholio
485 2387 569 2450 onim
591 2385 632 2450 ad
651 2384 876 2466 Aristophanis
890 2379 1051 2451 ‘Acharnff
1069 2410 1100 2455 v.
1114 2393 1232 2475 876sq.
1256 2389 1403 2479 ὠσνιερεὶ

169 2485 297 2572 χειμών
327 2481 392 2571 ύρα
421 2479 577 2570 ὀρνιθίας
606 2483 639 2562 ἐς
661 2483 720 2573 τὴν
749 2480 873 2570 ἀγορὰν
903 2484 1070 2573 ἐλήλυθας
1099 2491 1179 2561 haec
1204 2497 1404 2567 adferuntur:

172 2583 281 2668 ούτως
303 2585 321 2656 ὀ
347 2586 496 2674 σφοδρὸς
515 2587 649 2670 χειμών,
674 2584 708 2651 έν
724 2579 752 2671 ηδ
772 2589 826 2652 καὶ
849 2586 891 2652 τὰ
915 2583 1014 2672 ὀρνεα
1038 2591 1293 2679 διαφθείρεται·
1318 2599 1404 2667 ούτω

174 2692 290 2760 δὲκαὶ
313 2687 456 2773 «ἄνεμος
479 2684 655 2775 ὀρνιθίας»
678 2685 695 2754 δ
717 2687 773 2753 hrt
797 2687 857 2775 τὴν
879 2693 938 2774 γῆν
961 2689 1002 2755 τὰ
1019 2687 1118 2779 ὀρνεα
1141 2700 1314 2780 στορεννύς
1336 2699 1403 2770 ὀντό

171 2799 234 2882 τῆς
256 2797 388 2879 ψυχρᾶς
410 2796 516 2880 πνοῆς
538 2795 608 2879 (τῆς
630 2795 688 2857 τοῦ
711 2791 838 2876 ψύχους
861 2795 1000 2877 codices,
1025 2799 1062 2861 cf.
1087 2798 1177 2864 Suid.
1202 2803 1221 2866 l.
1239 2809 1288 2880 a).
1327 2801 1344 2870 ὀ
1369 2806 1405 2872 δὲ

172 2896 352 2980 Σύμμαχος
385 2898 548 2977 «χειμῶνα
577 2887 754 2979 ὀρνιθίαν»
789 2887 982 2959 ὀντοδίδιυσι
1016 2896 1072 2961 διὰ
1102 2898 1139 2963 τό
1166 2907 1329 2984 χειμῶνος
1362 2909 1403 2973 τὰ

171 2995 274 3081 ὀρνεα
293 3001 400 3064 ταῦτα
417 2997 682 3085 ἐπιφαίνεσθαι,
706 2992 752 3072 ὡς
767 2995 860 3081 παρὰ
873 2989 1016 3082 Ἀράνην.
1053 3001 1267 3083 Symmachus
1283 3011 1403 3076 Aristo.

172 3102 315 3186 phauem
338 3103 552 3184 interpretans
574 3102 674 3184 signis
697 3102 823 3165 Arateis
850 3102 882 3164 in
905 3108 1081 3167 extremam
1106 3104 1403 3177 Phaenomenorum

172 3212 298 3287 partem
329 3205 466 3269 conlatis
495 3223 554 3287 per
581 3201 705 3268 scholia
735 3204 781 3267 uti
804 3204 939 3284 assolet,
971 3206 1059 3270 velut
1087 3207 1130 3272 ad
1150 3202 1247 3275 ‘Pac'
1273 3233 1303 3276 v,
1323 3219 1403 3279 1067

172 3298 295 3391 εύηθες
319 3303 403 3388 ζηῖσν
426 3299 442 3369 δ
459 3309 605 3390 κέπφος,
630 3296 667 3368 οὗ
683 3307 846 3390 μέμνηται
861 3306 917 3368 καὶ
934 3306 1121 3390 Νίκανδρος
1137 3303 1267 3384 (‘Alex.'
1286 3321 1404 3388 v.170)

172 3409 228 3471 καὶ
244 3401 393 3490 ’Ἄρατος
413 3409 454 3484 (v.
472 3410 546 3485 916)
574 3408 653 3488 περὶ
676 3409 741 3469 τῶν
766 3405 950 3494 διοσημιῶν
973 3408 1205 3493 διαλεγόμενος
1234 3417 1289 3479 καὶ
1312 3418 1404 3481 Καλ-

172 3509 312 3592 λίμαχος
336 3506 370 3573 έν
392 3521 464 3583 τοῖς
482 3502 628 3591 Ἰάμβοις
651 3518 682 3575 et
703 3502 820 3593 ‘Vespff
848 3533 877 3575 v.
895 3514 973 3595 262,
1006 3514 1060 3577 ubi
1083 3513 1174 3579 Arati
1197 3537 1227 3581 v.
1245 3522 1317 3604 976,
1340 3526 1403 3586 977

173 3614 302 3694 citavit;
319 3612 458 3695 denique
473 3613 516 3678 ad
529 3603 625 3678 ‘Pac’
645 3633 675 3676 v.
688 3615 748 3676 778
765 3617 930 3696 Καρκίνος
946 3623 1091 3696 συντομία
1106 3618 1212 3681 vocali
1228 3643 1240 3682 ι
1256 3640 1297 3686 ex
1313 3625 1404 3690 Arati

170 3705 436 3780 ‘Phaenomenis'
469 3716 501 3778 in
533 3716 715 3780 universum
744 3715 931 3796 adsumpsit.
977 3717 1080 3781 Instat
1109 3719 1221 3801 igitur,
1256 3729 1289 3786 ut
1322 3725 1405 3790 intra

173 3817 327 3882 carminis
357 3817 500 3882 eiusdem
530 3815 610 3882 fines
639 3815 720 3879 illud
749 3817 791 3880 de
813 3818 928 3882 avibus
958 3818 1076 3883 dictum
1101 3821 1404 3904 circumspiciamus.

175 3919 216 3983 itt
235 3918 435 4009 redinveniri
458 3927 565 4002 potest
586 3921 803 4000 v.1021sqq.‚
827 3919 948 4001 dequo
972 3921 1043 3985 loco
1067 3921 1249 3988 dubitanter
1272 3924 1406 4004 (utalia

172 4028 279 4086 tamen
297 4021 390 4086 simul
407 4028 527 4087 temere
551 4022 672 4086 iaceret
693 4041 718 4085 s.
742 4042 773 4083 v.
799 4012 878 4101 Ἄρ.)
904 4023 1060 4104 cogitavit
1081 4022 1310 4110 Bernhardyus
1326 4030 1346 4092 l.
1361 4051 1404 4094 c.:

327 4123 383 4185 καὶ
403 4124 500 4206 χῆνες
521 4119 702 4207 κλαγγηδὸν
727 4118 942 4206 ἐπειγόμεναι
962 4129 1112 4206 βριυμοῑο

326 4226 488 4305 χειμῶνος
510 4228 594 4308 μέγα
617 4226 722 4308 σημα,
749 4227 804 4289 καί
828 4220 1005 4310 ὀννεύγηρα
1028 4224 1154 4311 κορώνη

329 4323 481 4406 νύκτερον
506 4318 679 4403 ὀιείδουσα,
703 4329 756 4389 καὶ
782 4320 849 4410 ὀψὲ
870 4330 997 4410 βοῶντα
1019 4327 1161 4404 κολοιοί,
