3174 5160
277 357 328 414 111.
347 355 398 411 DE
416 355 532 409 ARATI
549 354 818 410 INTERPRETUM
838 356 899 424 QUI
916 356 1066 411 FERTUR
1085 356 1288 412 CATALOGO.
1336 357 1395 416 125

178 522 302 614 ὕπερθε
326 530 361 595 δὲ
384 524 519 616 Ἄρκτος
536 520 716 614 στρέφουσ’
736 521 856 615 οὐραῖα
871 526 1026 616 χρυσήρει
1049 528 1182 616 πόλφλ),
1203 525 1396 617 ‘Chrysipp'

176 634 207 696 ir.
224 635 295 710 839Ἰ
323 638 443 697 10-11
469 633 524 698 N².
546 629 588 694 τό
612 623 643 695 d'
670 624 733 695 ‹irc’
760 629 916 714 αἰθερίου
941 632 1131 714 βλαστόντα
1152 635 1248 719 γονῆς
1272 632 1319 710 εἷς
1343 626 1398 697 σι’-

175 731 285 817 ρόνιον
309 727 412 798 πόλιν
434 720 671 819 ’ἧλθεπόλοπ
698 726 833 799 ‘piritu'
859 736 895 800 fr.
913 740 974 801 594
998 786 1031 800 ..
1055 734 1190 818 δίδυμοί
1212 727 1242 797 τ’
1268 727 1398 818 Ἄρκτου

173 850 240 913 τοῖς
278 829 488 912 ὠκυπλάνοις
524 834 696 920 πτερύγων
731 835 849 921 ῥιπαῖς
882 835 940 901 τόν
969 834 1179 903 Ἀτλάντειον
1216 839 1399 924 φρουροῦσι

149 937 293 1017 πόλον,
321 930 453 1022 ‘Epigu'
480 941 499 1001 2
529 939 657 1009 (Athen.
682 940 711 1003 ll
733 958 764 1022 p.
787 942 824 1004 61
847 941 873 1004 Β
896 973 935 992 =
956 942 972 1006 Ι
993 962 1024 1024 p.
1042 945 1103 1006 265
1133 940 1263 1022 Bergk.)
1292 923 1398 1003 ὦτόν

174 1035 335 1129 ἀγήρατον
371 1039 476 1104 πόλον
513 1038 667 1120 αἰθέρος,
693 1037 806 1119 Ἥλιε,
836 1045 974 1124 τέμνων.
1018 1045 1131 1110 Alexis
1159 1045 1197 1109 fr.
1214 1046 1272 1106 261
1295 1043 1334 1107 K.
1358 1042 1399 1107 de

172 1164 281 1210 mensa
310 1145 399 1209 eibos
427 1145 566 1227 portanti
594 1137 817 1228 dueppqrdvrog
846 1137 968 1222 ίόζουσα
997 1146 1064 1209 ταῖν
1084 1139 1188 1228 Ὡρῶν
1211 1142 1335 1222 λοπάς,
1359 1140 1397 1207 τὸ

172 1247 226 1308 που
250 1243 359 1309 πόλου
388 1247 446 1308 τοῦ
476 1242 603 1320 παντὸς
631 1239 868 1329 ἡμισφαίριον·
900 1239 1025 1311 ἅπαντ’
1060 1245 1133 1334 ἐνῆν
1161 1239 1256 1311 τάκεῖ
1279 1241 1342 1329 γὰρ
1366 1243 1399 1310 ἐν

171 1345 270 1432 ταύτῃ
295 1344 395 1424 καλό,
426 1344 524 1427 ἰχθὺς
547 1344 675 1432 ἔριφοι,
700 1345 843 1430 διέτρεχε
864 1348 991 1413 τούτων
1014 1354 1189 1433 σκορπίος,
1213 1345 1400 1434 ὑπέφαινεν

172 1442 244 1534 ᾠῶν
268 1444 418 1531 ἡμίτομα
437 1444 515 1522 τοὺς
538 1441 691 1534 ἇστὲρας;
716 1451 770 1514 ubi
793 1444 810 1513 ό
835 1449 941 1528 πόλος
963 1455 1130 1519 universus
1152 1452 1262 1517 mundi
1285 1452 1399 1535 globus

171 1553 360 1618 subauditur
381 1572 422 1617 ex
444 1572 551 1617 earum
568 1572 672 1616 rerum
690 1571 773 1634 quae
790 1553 896 1618 insunt
911 1555 1160 1637 enumeratione,
1177 1547 1399 1640 ἡμισφαίριον

171 1655 284 1738 globus
315 1654 517 1737 dimidiatus,
548 1654 637 1720 cuius
666 1653 801 1736 figuram
833 1655 942 1722 Pisces
973 1656 1078 1722 Haedi
1108 1655 1259 1739 Scorpius
1283 1657 1398 1722 ceteris

172 1759 299 1824 cibariis
323 1758 433 1823 inserti
459 1757 662 1822 simulabant.
707 1756 811 1821 Probe
835 1758 881 1822 ita
910 1759 986 1823 clim
1010 1757 1251 1824 Schoemannus
1281 1763 1398 1839 noster,

171 1861 257 1926 cuius
274 1865 463 1944 perpetuam
480 1879 538 1924 nos
553 1859 726 1924 recolimus
742 1860 938 1940 memoriam,
955 1861 1180 1944 interpretatus
1197 1860 1290 1939 esth,
1314 1859 1400 1922 miri·

171 1963 228 2029 hce
250 1982 336 2027 nunc
359 1962 476 2026 labitur
492 1959 648 2042 Kochius,
672 1980 742 2026 cum
768 1961 942 2045 Gerytadis
957 1963 1185 2045 Aristophanei
1207 1962 1399 2027 versiculum

171 2084 200 2146 p.
213 2067 252 2129 13
269 2065 395 2129 anobis
410 2065 607 2147 propositum
624 2065 862 2145 explanaturus,
878 2065 933 2145 qui
949 2071 998 2129 est
1009 2064 1051 2130 de
1064 2065 1240 2146 horologio,
1252 2071 1401 2146 quattuor

171 2167 233 2231 ista
257 2173 425 2250 poetarum
443 2167 593 2247 exempla
609 2167 754 2248 congerit
775 2172 841 2231 toto
864 2172 900 2231 ut
921 2167 1011 2231 aiunt
1032 2169 1122 2233 caelo
1142 2167 1296 2231 distantia
1318 2163 1401 2230 FGG

172 2268 185 2331 l
206 2287 236 2351 p.
254 2272 327 2334 431.
374 2267 471 2332 Porro
493 2267 697 2332 Timotheum
720 2269 758 2332 fr.
777 2268 864 2332 1313.
889 2265 928 2330 σύ
951 2258 983 2328 τ)
1007 2252 1033 2331 ὦ
1056 2263 1114 2332 τὸν
1138 2259 1190 2331 ἀεὶ
1214 2265 1320 2330 πόλον
1344 2257 1400 2329 υό-

171 2367 284 2451 ρόνιον
309 2370 479 2453 λαμπραῖς
509 2361 620 2431 durior
645 2358 735 2432 Ἅλιε
756 2367 890 2449 βάλλων
919 2377 951 2436 et
978 2371 1121 2453 ignotum
1145 2369 1397 2435 Alexandrinum

171 2471 360 2538 adducimus
375 2473 417 2536 ab
433 2470 470 2536 Ο.
487 2469 687 2536 Schneidero
703 2479 776 2554 post
788 2473 1020 2539 Callimachum
1038 2473 1080 2546 (ll
1095 2493 1126 2555 p.
1140 2473 1212 2548 728)
1229 2471 1399 2537 etenebris

170 2580 374 2657 protractum,
398 2574 453 2656 qni
476 2580 510 2637 ut
527 2572 676 2636 detritum
701 2573 776 2638 inde
799 2577 840 2639 ab
858 2575 997 2640 Homero
1014 2575 1210 2640 adiectivum
1227 2565 1399 2654 ἀστερόεις

170 2675 356 2760 effugeret⁰t
378 2673 473 2758 πόλῳ
497 2666 716 2755 όστροχίνιυνι
740 2676 893 2741 confinxit
915 2677 1084 2759 egregieh.
1130 2675 1235 2741 Simili
1258 2675 1399 2741 dictione

171 2778 266 2842 Duris
295 2780 394 2843 utitur
423 2778 509 2858 (Ath.
535 2777 598 2841 XII
620 2795 650 2859 p.
668 2780 729 2839 535
746 2777 798 2853 Fl:
828 2773 865 2841 τὸ
891 2776 927 2841 dd
957 2779 1026 2841 πᾶν
1055 2802 1071 2842 o
1099 2775 1204 2852 πόλος
1235 2770 1398 2863 ἐνύφαντο

168 2880 310 2962 χρυσοῦς
333 2870 475 2963 ἆστέρας
498 2878 579 2960 ’έχων
602 2879 657 2942 καὶ
680 2874 721 2941 τὰ
747 2876 873 2943 δώδεκα
904 2877 1006 2963 ζῴδια
1029 2882 1061 2944 in
1084 2879 1312 2963 paludamento
1336 2880 1397 2944 De·
1430 2902 1431 2905 ’

170 2984 275 3048 metrii
299 2981 537 3067 Oppugnatoris
553 2980 653 3059 (idem
670 2982 783 3046 eodem
807 2989 888 3047 teste
905 2984 1085 3065 γινομένων
1108 2983 1174 3044 τῶν
1196 2985 1399 3066 Δημητρίων

169 3078 354 3170 Ἀθήνησιν
378 3081 540 3170 ἐγράφετο
565 3079 623 3147 ἐπὶ
645 3084 704 3146 του
722 3088 924 3169 προσκηνίου
942 3081 998 3147 ἐπὶ
1015 3085 1072 3166 τῇς
1089 3081 1280 3167 οἰκουμένης
1304 3075 1399 3162 όχοό-

169 3192 287 3268 μενος).
327 3187 617 3254 Pseudceudoxum
636 3206 666 3268 p.
685 3188 745 3251 123
763 3186 976 3253 exhibuimus.
1014 3184 1137 3262 Quibus
1160 3187 1251 3250 latini
1268 3185 1397 3268 quidam

255 3381 348 3451 ⁴)‘De
371 3394 473 3440 maiore
498 3390 572 3438 Ursa
595 3405 743 3437 sermonem
767 3407 836 3450 esse,
861 3396 893 3438 ut
912 3397 967 3453 per
989 3405 1018 3437 se
1038 3392 1182 3452 probabile
1206 3395 1259 3448 est,
1284 3391 1322 3436 ita
1342 3404 1400 3436 con-

164 3477 299 3540 firmatur
316 3491 358 3536 eo,
382 3472 457 3541 ¹quod
474 3494 505 3526 ea
524 3482 565 3524 est
585 3483 670 3538 super
689 3475 824 3524 Orionem.
861 3476 954 3536 Quare
978 3469 1070 3536 πόλος
1087 3492 1140 3523 non
1158 3477 1239 3523 stello
1258 3480 1309 3533 est,
1330 3490 1401 3537 quoe

169 3565 207 3610 sic
215 3564 328 3621 dicitur,
340 3563 436 3627 infimo
447 3564 486 3611 ad
494 3563 611 3610 caudam
621 3563 734 3610 minoris
745 3563 843 3619 Ursae,
854 3563 903 3609 sed
912 3563 1016 3608 coelum
1026 3562 1064 3607 ad
1076 3562 1209 3608 circulum
1215 3561 1399 3623 polaremffl),

170 3638 319 3717 crocodilo
337 3649 439 3696 dictum
454 3655 508 3711 pro
528 3637 632 3716 οόρόν’
652 3643 684 3696 G.
705 3645 876 3697 Hermannns
895 3646 922 3695 in
937 3636 1034 3696 ‘lonis'
1053 3642 1170 3695 editione
1189 3658 1214 3709 p.
1229 3643 1303 3695 XlX.

253 3733 274 3796 ⁸)
287 3724 452 3799 ‘Aeschylus
474 3728 634 3797 gefesselter
660 3723 851 3784 Prometheus’
870 3745 896 3797 p.
910 3732 974 3791 305,
993 3729 1039 3781 ubi
1057 3743 1145 3796 pauca
1163 3727 1196 3780 de
1215 3729 1287 3781 vocis
1306 3723 1398 3792 πόλος

170 3813 322 3883 significatu
341 3816 465 3870 conlecta
482 3816 609 3869 invenies.

252 3902 275 3966 ⁸)
293 3900 396 3954 Eadem
410 3901 443 3954 de
455 3915 540 3954 causa
552 3901 715 3954 Theocritus
727 3900 754 3952 in
763 3892 945 3954 ‘Heraclisco’
958 3916 981 3954 v.
995 3904 1026 3950 11
1043 3898 1107 3951 lecit
1119 3895 1148 3962 ἐς
1161 3890 1288 3970 οὐρανόν
1306 3893 1399 3966 ἄστρα

172 3984 306 4056 φέροντα.

255 4071 276 4135 'l
292 4070 336 4124 Ad
350 4063 487 4125 ‘comam'
513 4070 671 4124 Callimachi
694 4072 752 4124 sine
776 4085 861 4123 causa
882 4070 980 4124 idonea
1004 4071 1140 4124 revocavit
1158 4069 1189 4123 0.
1209 4066 1398 4121 Schneiderus.

171 4154 331 4210 Monstravit
347 4156 417 4210 idem
437 4156 560 4211 crebram
582 4154 654 4210 illius
680 4156 792 4224 epitheti
815 4156 968 4208 memoriam
992 4156 1019 4207 in
1044 4153 1206 4208 carminibus
1229 4152 1337 4206 infimae
1355 4167 1399 4206 ae-

171 4240 241 4297 tatis.
286 4240 366 4314 Μήνη
393 4236 578 4314 οἷοτροχίτων
602 4234 872 4308 ‘Argonautioorum'
900 4240 1080 4308 Orphicorum
1107 4239 1222 4308 scriptor
1249 4253 1332 4291 ansus
1360 4246 1401 4290 est

172 4343 194 4377 r.
209 4330 258 4380 513
275 4327 353 4381 Abel.
