3174 5160
500 337 535 394 X.
554 337 605 390 DE
623 333 823 390 APOLLONII
843 330 996 389 OANOBO.

289 510 394 596 δεσμὰ
419 511 518 598 πέριξ
541 521 678 586 νωταῖα,
702 505 796 593 ῥάχις
820 499 852 568 δ)
880 503 1039 587 ἐξέδραμε
1060 507 1172 586 γαίων.

290 613 412 692 έξόθεν
437 609 595 697 αἱμορόσι
618 609 876 683 σκολιοπλανέες
899 630 936 671 τε
957 603 1116 686 κεράσται

291 712 359 783 οῖσι
378 713 565 798 χωλεάουσι
586 712 770 798 κακηπελλη
792 708 1013 794 βαρύθοντες.

135 821 325 905 Aegerrime
340 821 452 885 tulisse
465 818 625 883 Helenam
636 814 760 881 Canobi
772 832 884 878 necem
898 813 994 877 etiam
1011 811 1077 875 alio
1089 816 1219 875 auctore
1231 815 1372 877 constat:

230 923 289 987 Eu.
311 922 353 986 M.
376 942 402 986 ε.
417 940 448 985 v.
469 912 637 983 Ἑλένεισν.
889 914 983 978 PLIN.
1005 914 1044 978 N.
1061 912 1101 979 Η.
1117 914 1198 980 XXI
1215 916 1264 979 59.

136 1039 261 1126 βοτάνη
284 1033 304 1122 ή
329 1036 363 1102 έν
382 1031 616 1121 Ἀλεξανδρείᾳ
637 1058 730 1119 χενο·
781 1029 973 1095 Helem'um
996 1053 1014 1094 c
1035 1030 1191 1095 lacrimis
1216 1033 1375 1096 Helenae

136 1148 232 1229 μένη.
278 1139 424 1227 εἴρηται,
448 1129 503 1204 ὅτι
525 1134 559 1201 έκ
581 1141 647 1203 τῶν
671 1137 731 1201 δα·
783 1131 1374 1198 dz'cc'turnutumetcdeoz'nHelcna

136 1243 246 1329 νρύων
267 1245 328 1326 τής
347 1236 474 1329 Ἑλένης
505 1233 649 1326 άνεφύη,
675 1235 731 1304 ὅτε
784 1234 904 1299 insula
920 1233 1205 1301 laudatcssr'mum
1228 1240 1308 1315 (scil.
1331 1238 1375 1303 ad

139 1346 197 1412 ἐπὶ
209 1342 361 1429 Κανώβῳ
371 1345 421 1428 τῷ
432 1341 609 1429 κυβερνήτῃ
620 1347 731 1406 Μενε-
784 1361 872 1406 oram
895 1340 1060 1422 Aegypti).

140 1447 221 1513 λάου
234 1443 407 1526 (correxis
422 1481 463 1492 -
480 1469 517 1520 ος
528 1443 639 1523 codd.)
656 1436 732 1507 ἐδά-

139 1572 256 1637 κρυσεν
287 1543 354 1613 ὑπὸ
397 1546 612 1631 αἱμορροΐδας
646 1538 734 1609 άπσ-

140 1649 295 1716 θανόντι.

137 1744 289 1821 ‘canoni'
315 1752 524 1836 Apolloniani
552 1771 610 1816 nos
639 1749 841 1814 meminimus
863 1749 895 1813 in
925 1755 1077 1832 tempore.
1124 1750 1173 1813 Ex
1196 1769 1259 1830 quo
1282 1770 1375 1832 argu-

142 1858 241 1923 menti
263 1855 464 1937 aliquantum
488 1853 596 1918 offerri
619 1872 639 1916 a
661 1849 825 1916 Nicandro
849 1851 1087 1932 concludimus,
1104 1853 1265 1934 quoniam,
1290 1854 1376 1934 quod

143 1956 338 2025 scholiastae
360 1954 517 2021 beneficio
542 1974 583 2020 ex
599 1954 774 2037 Apollonio
791 1952 953 2035 cognitum
977 1960 1035 2037 est,
1059 1953 1094 2018 id
1116 1956 1222 2036 ipsum
1245 1955 1312 2020 fere
1335 1955 1377 2019 ad

143 2060 278 2127 verbum
301 2059 333 2121 in
355 2057 548 2124 Nicandreis
572 2057 718 2122 versibus
741 2055 890 2119 iteratur:
914 2045 1051 2120 ὠτειλαὶ
1067 2052 1276 2142 ῥήννοντωθ)
1315 2057 1376 2123 Ac·

144 2162 232 2229 cedit
247 2159 447 2227 confirmatio
471 2161 512 2225 ab
529 2160 645 2224 eodem
659 2157 814 2222 Nicandri
838 2157 1021 2241 interprete,
1046 2160 1100 2240 qui
1117 2158 1282 2240 Apollonii
1297 2159 1378 2224 illud

144 2264 288 2330 servavit
309 2263 533 2344 fragmentum,
557 2260 771 2343 suppeditata.
810 2258 841 2324 Is
866 2259 951 2324 enim
973 2260 1016 2324 ad
1040 2281 1071 2324 ν.
1088 2264 1149 2325 309
1174 2259 1257 2326 hanc
1280 2260 1378 2327 histo·

144 2367 260 2432 riclam
282 2365 420 2448 recepit:

300 2463 410 2529 ἰστέον
433 2463 485 2535 δέ,
510 2461 563 2528 ὅτι
586 2455 654 2526 άπὸ
684 2466 807 2544 Τροίας
829 2456 1053 2549 ὑποστρέφων
1077 2459 1094 2528 ὁ
1119 2464 1296 2541 Μενέλαος
1320 2462 1379 2529 σὺν

300 2568 341 2652 τῇ
367 2561 476 2650 Ἑλένῃ
508 2562 684 2651 ἐπλανήθη
716 2565 771 2628 καὶ
799 2548 905 2652 ήλθεν
937 2563 985 2640 εἰς
1014 2563 1204 2649 Αἴγυπτον.
1256 2562 1273 2632 ὁ
1301 2569 1380 2651 χοῦν

300 2664 499 2754 κυβερνήτης
522 2659 622 2731 αὐτοῦ
639 2665 801 2748 Κάνωβος
825 2663 973 2742 έξελθιδν
989 2663 1251 2756 [κοιιιηθήναι]3)
1276 2667 1309 2733 έν
1331 2672 1379 2754 τη]

301 2768 443 2853 αἰγιαλῷ
467 2762 573 2831 άκων
597 2761 812 2854 άπεκσιμήθη
835 2770 889 2833 καὶ
915 2766 1152 2834 έπιπέπτωκεν
1176 2770 1379 2854 αἱμορρσὶδι,

300 2862 374 2958 ήτις
402 2870 596 2956 θλιιρθεῖσα
624 2863 685 2933 ὑπ)
718 2863 819 2935 αὐτοῦ
847 2868 905 2935 τδν
941 2863 1059 2951 αὐχένα
1089 2874 1145 2936 καὶ
1174 2866 1381 2959 δδονηθεῖσα

303 2969 488 3048 ἐξελθοῦσα
518 2969 631 3036 έδακεν
663 2965 772 3037 αὐτόν.
818 2969 1009 3056 θνήσκοντα
1033 2959 1091 3038 οὖν
1113 2967 1172 3037 ὑπ)
1199 2967 1300 3062 αὐτῆς
1322 2975 1381 3040 τὸν

302 3071 500 3160 κυβερνήτην
524 3073 730 3162 θεωρήσασα
753 3068 772 3161 ή
794 3068 901 3161 Ἑλένη
924 3076 981 3138 καὶ
1003 3067 1206 3158 ὀργισθεῖσα
1228 3090 1302 3152 ταῖς
1326 3077 1380 3142 αἱ-

302 3178 479 3260 μορροΐσιν
508 3173 625 3241 ’έκλασε
653 3174 712 3263 τήν
743 3171 896 3241 άκανθαν
926 3169 1026 3264 αὐτῆς
1054 3179 1111 3243 καὶ
1142 3176 1276 3260 ἐξέβαλε
1304 3178 1382 3256 τοὺς

304 3281 364 3364 τής
386 3276 511 3365 ῥάχεως
536 3271 636 3365 αὐτῆς
652 3276 876 3354 σπονδάλοος·
900 3280 956 3342 καὶ
979 3277 1091 3344 έκτοτε
1115 3279 1150 3343 αἱ
1167 3279 1381 3365 αἱμορροΐδες

305 3382 359 3445 καὶ
385 3380 416 3444 οἱ
441 3381 567 3445 σκολιοὶ
584 3382 639 3445 καὶ
664 3379 697 3445 οἱ
712 3379 852 3464 πλάγιοι
875 3377 959 3444 κατὰ
982 3378 1042 3468 τὴν
1058 3387 1200 3467 πορείαν
1222 3380 1381 3467 κεράσται

304 3484 520 3564 κεκλασμέναι
544 3480 608 3546 εἰσὶ
632 3480 694 3557 τάς
717 3480 837 3566 ῥάχεις.
882 3485 938 3548 καὶ
961 3478 980 3567 ή
1004 3482 1064 3565 μέν
1088 3483 1220 3566 ἱστορία
1244 3477 1359 3560 οὕτως.

152 3587 224 3650 Non
247 3596 333 3651 recte
350 3586 598 3660 Wellmannus⁴t
621 3585 701 3649 nihil
726 3586 778 3651 isti
795 3585 981 3652 historiolae
997 3587 1103 3652 inesse
1120 3588 1182 3653 nisi
1197 3588 1383 3654 Nicandrea

240 3791 261 3852 ²)
278 3785 304 3837 Α
317 3787 488 3840 Wellmanno
508 3779 658 3848 t‘Hermes'
673 3789 735 3840 1891
756 3802 782 3854 p.
798 3789 943 3852 323-325)
962 3787 1133 3852 discedimus,
1152 3789 1199 3856 qni
1217 3788 1290 3841 hand
1308 3793 1382 3843 recte

155 3871 315 3942 Apollodori
345 3870 427 3937 iologi
451 3872 537 3939 copiis
560 3871 612 3924 isto
635 3871 696 3926 loco
720 3870 886 3924 Nicandrum
911 3887 969 3925 sese
992 3873 1094 3926 ditasse
1119 3873 1211 3927 credit.
1248 3872 1383 3940 Quantum

107 3952 109 3958 ’
155 3957 190 4023 (si
207 3956 288 4021 forte)
306 3962 401 4009 nostra
418 3956 488 4009 ratio
508 3955 542 4009 ad
560 3956 743 4024 Apollodorea
760 3955 849 4008 valeat
867 3972 921 4010 non
938 3958 1062 4025 augenda
1079 3957 1127 4011 sed
1144 3957 1304 4024 minuenda,
1323 3957 1383 4026 ipse

154 4040 253 4095 viderit
269 4040 466 4106 Wellmannus.
502 4042 634 4094 Aelianus
658 4040 750 4104 nobis,
774 4055 843 4107 quae
861 4042 895 4093 de
913 4039 1075 4115 αἱμορροΐδι
1093 4043 1189 4106 habet,
1213 4057 1228 4095 e
1245 4042 1383 4097 Nicandro

110 4179 115 4199 -.
156 4132 184 4207 et
202 4125 313 4180 scholiis
331 4125 492 4179 Nicandreis
511 4127 651 4179 consuisse
669 4126 773 4178 videtur
786 4119 833 4180 ζΗ.
848 4119 891 4179 A?
909 4127 959 4179 XV
974 4132 1014 4183 13.

155 4199 159 4203 ’
242 4211 263 4274 ⁸)
281 4209 444 4263 Seclnsimus
462 4212 726 4278 interpolamentum.

241 4296 262 4361 ⁴)
281 4295 322 4349 Cf.
341 4297 431 4350 locum
449 4295 511 4349 adn.
532 4299 547 4348 2
567 4296 688 4351 citatum.
