3166 5166
397 366 444 420 vr.
463 365 663 421 naucerus
681 335 858 421 sanuses
878 367 1165 422 suessionicus.
1335 365 1396 424 aes

169 541 274 622 aiunt,
311 539 369 606 scd
398 540 462 604 iam
492 539 725 606 Callimachum
757 547 789 606 ct
818 539 991 624 Opuntium
1023 541 1208 624 Philippum
1239 540 1397 624 poematis

169 643 393 724 antiquitatem
431 641 605 707 testificari.
663 640 786 720 Quibus
820 644 1017 709 obvertimus
1048 634 1320 710 ‘Catastcrismos'
1357 661 1397 706 ne

170 743 269 810 hodie
298 743 428 825 quidem
456 744 558 809 factos
589 761 660 809 csse
689 743 966 826 Eratosthenicos3
997 745 1229 811 Callimachum
1258 764 1335 810 vero
1366 753 1398 809 et

167 845 371 930 Philippum,
406 846 638 928 epigrammate
666 846 698 909 in
729 847 861 910 Aratum
887 847 994 928 illum,
1030 847 1114 914 hunc
1142 868 1172 930 p.
1195 852 1258 913 999
1281 848 1325 922 Α,
1355 849 1396 910 ad

167 947 305 1014 Hesiodi
325 939 459 1031 ‘Opera’
493 957 525 1012 et
552 968 616 1013 non
638 947 679 1012 ad
701 941 964 1015 ‘Astroncmiam'
991 952 1182 1033 respexisse.
1228 950 1277 1013 De
1301 949 1396 1014 Calli·

168 1051 285 1117 maoho
322 1053 428 1132 capite
461 1050 539 1114 VIII
574 1050 765 1115 videbimus.
823 1051 1008 1134 Philippum
1048 1071 1125 1116 vero
1159 1051 1397 1135 interpretando

168 1153 322 1217 Francius
353 1154 508 1235 pervertit
533 1146 637 1216 ‘Stud
670 1144 764 1235 Lips’
799 1156 881 1217 1899
911 1175 942 1236 p.
966 1156 1144 1219 348-359.
1196 1153 1398 1236 Quapropter

168 1254 274 1319 locum
296 1253 525 1319 adscribimus:
549 1303 557 1318 .
574 1252 798 1338 .’σοφώτατον
822 1247 944 1342 ἀνάγκη
960 1252 1019 1319 τόν
1036 1248 1174 1340 ἀληθῶς
1191 1252 1397 1338 ἀστρονόμον

168 1350 264 1434 εἶναι,
297 1350 342 1440 μὴ
377 1351 436 1419 τόν
469 1346 550 1418 καθ’
580 1350 738 1420 Ἡσίοδον
772 1349 1044 1440 ἂστρονομοῦντα
1076 1359 1131 1422 καὶ
1161 1352 1292 1433 πόντος
1320 1354 1399 1432 τούς

166 1455 357 1539 τοιούτους,
380 1455 453 1521 οἷον
477 1453 605 1538 δυσμάς
627 1479 664 1520 τε
685 1458 742 1521 καὶ
766 1450 932 1534 ἀνατολὰς
954 1457 1207 1540 ἐπεσκεμμένον,
1232 1450 1317 1523 ἀλλὰ
1339 1456 1398 1524 τόν

167 1562 234 1623 τῶν
261 1551 347 1624 όκτώ
377 1557 547 1641 περιόδων
575 1555 636 1633 τὰς
666 1555 754 1622 ἑπτὰ
783 1559 972 1643 περιόδους,
1005 1559 1190 1647 διεξιούσης
1215 1557 1273 1624 τόν
1298 1553 1397 1626 αὐτόν

166 1658 283 1726 κύκλον
306 1658 455 1748 ἑκάστης,
479 1651 585 1736 ούτως
608 1655 653 1736 ὥς
676 1653 734 1724 οδκ
758 1650 797 1725 δν
820 1662 946 1749 ῥᾳδίως
968 1663 1052 1729 ποτὲ
1074 1664 1170 1727 πᾶσα
1186 1655 1287 1747 φύσις
1304 1659 1397 1750 ἱκανὴ

166 1766 295 1847 γένοιτο
317 1765 510 1848 θεωρῆσαι,
540 1759 585 1847 μὴ
610 1766 811 1847 θαυμαστῆς
832 1769 1016 1846 μετέχουσα
1040 1763 1182 1850 φύσεως.
1231 1763 1329 1845 Quae
1351 1764 1401 1826 ad

170 1863 283 1946 Opera
305 1868 458 1947 spectare
474 1868 658 1947 propterea
681 1886 751 1927 non
775 1865 920 1938 credam,
944 1867 1039 1949 qnod
1059 1864 1196 1940 inillis,
1221 1863 1288 1927 etsi
1301 1870 1398 1928 ortns

168 1970 201 2026 et
214 1986 350 2029 occasus
360 1973 555 2050 pancorum
570 1965 727 2030 siderum
743 1967 1099 2040 commemoratisnnt,
1116 1989 1185 2030 non
1199 1973 1398 2030 tractantur

166 2067 412 2143 astronomica,
439 2069 502 2130 sed
527 2068 638 2130 adlata
667 2070 903 2131 tantummodo
932 2068 1102 2132 occasione
1124 2075 1334 2152 tanguntur,
1359 2073 1400 2131 nt

166 2191 237 2232 non
250 2170 366 2254 facile
388 2170 493 2234 lr'ceat
513 2172 561 2233 ad
582 2169 724 2233 illorum
747 2176 916 2254 tanquam
939 2171 1132 2254 exemptam
1155 2192 1194 2233 ac
1202 2169 1397 2254 principem

166 2292 284 2335 eorum
308 2280 510 2357 prouocare,
542 2270 608 2356 qni
633 2272 716 2334 data
746 2279 865 2356 opera,
896 2294 1107 2356 quamquam
1133 2272 1210 2335 sine
1232 2271 1398 2335 interiore

164 2375 303 2458 qualem
313 2373 699 2460 philosopnnsflagitot
712 2373 917 2458 cognitione,
941 2376 982 2437 de
997 2373 1169 2437 saderiano
1184 2373 1397 2458 scripserint.

168 2476 249 2558 Qua
272 2479 313 2540 de
335 2498 441 2541 cansa
461 2496 599 2539 carmen
615 2475 882 2562 astronomicum
898 2498 919 2539 a
934 2475 1098 2559 Philippo
1113 2473 1300 2558 designari
1311 2474 1402 2537 milri

159 2578 336 2664 persuasi.
381 2581 499 2648 Omnia
529 2580 610 2645 hacc
638 2581 782 2648 funditus
810 2581 949 2662 caduca,
979 2601 1051 2647 cum
1081 2582 1134 2645 vel
1162 2581 1315 2662 Prendo,
1343 2600 1398 2645 cur

165 2685 308 2766 perbene
336 2683 379 2749 ad
404 2677 535 2768 ‘Opera'
566 2682 745 2747 referantur
773 2683 918 2767 Philippi
948 2685 1062 2766 verba,
1095 2683 1279 2748 suboluerit.
1330 2681 1398 2746 Nec

165 2783 306 2850 debebat
334 2785 421 2851 idem
449 2789 536 2848 recte
563 2802 659 2849 sensa
686 2804 842 2849 novarum
871 2805 975 2850 rerum
1006 2784 1182 2867 cupiditate
1209 2782 1397 2849 interficere.

166 2883 254 2962 Quid
287 2894 412 2952 ortuum
445 2891 477 2950 et
511 2904 682 2951 occasuum
716 2887 899 2952 observatio
933 2888 1139 2952 emolumenti
1173 2885 1305 2967 habeat,
1331 2905 1398 2966 suo

166 2990 318 3072 exemplo
341 2991 375 3054 in
394 2978 575 3070 ‘Operibus'
602 2988 648 3051 ita
670 2989 854 3070 praeiverat
872 2989 1044 3072 Hesiodus,
1068 2995 1102 3053 ut
1124 3009 1145 3053 a
1166 2988 1397 3070 posterioribus

161 3081 355 3172 ‘Signorum'
386 3092 595 3174 scriptoribus
625 3091 717 3172 quasi
748 3091 879 3172 signifer
908 3097 940 3154 ct
967 3092 1116 3174 princeps
1146 3090 1395 3173 praedicaretur.
1479 3171 1485 3181 s

165 3191 204 3255 Id
226 3191 399 3277 Philippus
422 3194 491 3260 sine
514 3194 582 3257 ulla
604 3191 805 3257 dubitatione
828 3193 940 3275 voluit,
965 3193 1068 3257 voluit
1089 3198 1197 3257 nostro
1220 3210 1302 3256 aevo
1325 3189 1394 3254 Ide·

164 3293 251 3360 lerus
279 3287 391 3373 (³Abh.
415 3295 473 3360 der
494 3295 640 3359 Berliner
662 3285 777 3358 Akad?
806 3295 886 3358 1830
910 3315 940 3377 p.
958 3296 1028 3377 49),
1058 3295 1109 3359 cui
1140 3294 1196 3359 vix
1227 3293 1395 3374 quisquam

165 3415 316 3463 assensus
339 3397 438 3474 est³⁸l
484 3396 692 3479 Pracplacuit
722 3396 885 3480 plerisque
915 3395 1084 3480 hariolari,
1120 3397 1180 3461 etsi
1210 3401 1324 3460 exacto
1354 3393 1396 3458 ad

250 3580 284 3641 ⁸⁸)
303 3584 452 3647 Philippus
472 3620 497 3631 ..
519 3583 722 3630 nntersclreidet
733 3589 814 3630 anter
827 3583 921 3640 denen,
939 3585 982 3630 die
1001 3587 1071 3631 bloss
1083 3585 1154 3631 noch
1168 3583 1220 3630 Art
1238 3584 1284 3629 des
1302 3581 1397 3628 Hesio·

166 3670 218 3717 dns
236 3672 473 3718 astronomisieren
492 3673 539 3733 (er
556 3670 640 3715 meint
657 3669 700 3715 die
718 3667 790 3732 Ans·
810 3670 868 3715 und
888 3669 915 3716 U
916 3671 1075 3733 ntergdnge
1093 3671 1143 3716 der
1161 3667 1307 3716 Fixsterne
1325 3668 1396 3714 beob-

164 3754 276 3813 aclvten,
302 3771 347 3802 nm
365 3757 404 3803 sie
421 3754 481 3819 fiir
500 3757 552 3802 den
571 3753 736 3800 Londmonn
755 3755 814 3799 und
832 3752 987 3818 Seeselzrer
1005 3757 1033 3802 in
1052 3754 1216 3801 Kelendern
1234 3768 1397 3799 zusammen·

165 3840 312 3900 sustellere)
337 3856 389 3888 von
411 3842 463 3887 den
486 3840 600 3886 wahren
618 3839 808 3895 Astrmomen,
834 3840 878 3885 die
900 3841 958 3886 sicli
984 3841 1033 3886 mit
1049 3839 1252 3904 Ersorscltnng
1277 3840 1326 3885 der
1345 3837 1396 3884 Be·

165 3940 322 3988 negungen
340 3927 390 3974 der
404 3925 614 3972 Wondelsterne
630 3923 834 3988 beseledftzgren.
854 3953 878 3958 —
893 3921 1008 3975 Buhlius
1020 3921 1048 3974 II
1058 3938 1085 3989 p.
1099 3924 1148 3975 463
1162 3911 1395 3987 Hesiodi‘Opera'

164 4010 243 4060 Arati
262 4007 345 4060 fuisse
363 4007 514 4074 exemplum
533 4011 612 4072 putat
630 4005 736 4072 quidem
755 4035 787 4042 -
806 4009 834 4058 at
852 4006 1000 4073 quomodo!
1027 4009 1138 4057 Placuit
1150 4011 1238 4072 poetis
1256 4010 1335 4056 illius
1353 4024 1395 4054 ae-

165 4096 231 4142 tatis
249 4095 355 4143 imitari
366 4095 516 4142 Homerum
532 4095 684 4155 praecipue
703 4098 729 4139 et
741 4092 900 4151 Hesiodum,
922 4110 1005 4158 eoque
1019 4097 1145 4142 libentius
1164 4096 1269 4142 versati
1285 4099 1350 4140 sient
1366 4095 1394 4139 in

165 4187 330 4243 argumento
343 4181 461 4244 quodam
475 4182 549 4227 docto
563 4179 602 4226 ad
613 4181 767 4240 exemplum
781 4178 898 4225 Hesiodi
906 4183 1010 4240 poetice
1023 4181 1208 4241 exprimendo,
1223 4195 1275 4242 quo
1284 4184 1395 4240 promp-

165 4267 219 4314 tior
238 4272 265 4313 et
275 4264 458 4331 frequentior
476 4267 540 4312 inde
559 4268 734 4311 enasceretur
752 4264 810 4311 illa
823 4267 1013 4325 opportunitas
1032 4281 1084 4311 non
1097 4267 1182 4312 solum
1201 4265 1317 4310 indolem
1333 4276 1394 4324 poe-

166 4352 248 4398 ticam
266 4353 435 4405 ostendendi,
454 4352 502 4397 sed
520 4352 600 4397 etiam
619 4350 784 4410 exquisitam
803 4354 829 4395 et
846 4352 999 4411 elegantem
1018 4351 1177 4396 doctrinam.
