<?xml version="1.0" encoding="UTF-8"?>
<!DOCTYPE html PUBLIC "-//W3C//DTD XHTML 1.0 Transitional//EN"
    "http://www.w3.org/TR/xhtml1/DTD/xhtml1-transitional.dtd">
<html xmlns="http://www.w3.org/1999/xhtml" xml:lang="en" lang="en">
 <head>
  <title>
</title>
<meta http-equiv="Content-Type" content="text/html;charset=utf-8" />
  <meta name='ocr-system' content='tesseract 3.04.00' />
  <meta name='ocr-capabilities' content='ocr_page ocr_carea ocr_par ocr_line ocrx_word'/>
</head>
<body>
  <div class='ocr_page' id='page_1' title='image "./aratea00maasgoog_0373.png"; bbox 0 0 3174 5160; ppageno 0'>
   <div class='ocr_carea' id='block_1_1' title="bbox 168 325 861 423">
    <p class='ocr_par' dir='ltr' id='par_1_1' title="bbox 168 325 861 423">
     <span class='ocr_line' id='line_1_1' title="bbox 168 325 861 423; baseline -0.001 0"><span class='ocrx_word' id='word_1_1' title='bbox 168 364 229 423; x_wconf 83' lang='lat' dir='ltr'><strong>coa</strong></span> <span class='ocrx_word' id='word_1_2' title='bbox 709 325 861 423; x_wconf 65' lang='lat' dir='ltr'><strong>naarai</strong></span> 
     </span>
    </p>
   </div>
   <div class='ocr_carea' id='block_1_2' title="bbox 169 533 1414 2256">
    <p class='ocr_par' dir='ltr' id='par_1_2' title="bbox 169 533 1414 1848">
     <span class='ocr_line' id='line_1_2' title="bbox 171 533 1403 628; baseline 0.004 -28"><span class='ocrx_word' id='word_1_3' title='bbox 171 537 263 603; x_wconf 86' lang='grc' dir='ltr'><em>νάσιν</em></span> <span class='ocrx_word' id='word_1_4' title='bbox 287 537 491 621; x_wconf 80' lang='grc' dir='ltr'><em>εἰκασμένας.</em></span> <span class='ocrx_word' id='word_1_5' title='bbox 535 542 590 604; x_wconf 82' lang='grc' dir='ltr'><strong>καὶ</strong></span> <span class='ocrx_word' id='word_1_6' title='bbox 615 533 714 606; x_wconf 77' lang='grc' dir='ltr'><em>αὗται</em></span> <span class='ocrx_word' id='word_1_7' title='bbox 744 541 966 622; x_wconf 75' lang='grc' dir='ltr'><em>διαλαβοῦσαι</em></span> <span class='ocrx_word' id='word_1_8' title='bbox 996 537 1034 626; x_wconf 78' lang='grc' dir='ltr'><strong>δὴ</strong></span> <span class='ocrx_word' id='word_1_9' title='bbox 1057 538 1117 628; x_wconf 77' lang='grc' dir='ltr'><strong>τὴν</strong></span> <span class='ocrx_word' id='word_1_10' title='bbox 1135 535 1263 626; x_wconf 77' lang='grc' dir='ltr'><em>Ἑλένην</em></span> <span class='ocrx_word' id='word_1_11' title='bbox 1287 539 1322 605; x_wconf 78' lang='grc' dir='ltr'><strong>αἱ</strong></span> <span class='ocrx_word' id='word_1_12' title='bbox 1344 563 1403 624; x_wconf 83' lang='grc' dir='ltr'><strong>γν-</strong></span> 
     </span>
     <span class='ocr_line' id='line_1_3' title="bbox 170 635 1403 730; baseline 0.002 -26"><span class='ocrx_word' id='word_1_13' title='bbox 170 653 280 718; x_wconf 86' lang='grc' dir='ltr'><em>ναῑκες</em></span> <span class='ocrx_word' id='word_1_14' title='bbox 303 635 510 724; x_wconf 75' lang='grc' dir='ltr'><em>ἀπάγχουσιν</em></span> <span class='ocrx_word' id='word_1_15' title='bbox 540 640 596 707; x_wconf 75' lang='grc' dir='ltr'><strong>ἐπὶ</strong></span> <span class='ocrx_word' id='word_1_16' title='bbox 628 642 774 725; x_wconf 84' lang='grc' dir='ltr'><em>δένδρον.</em></span> <span class='ocrx_word' id='word_1_17' title='bbox 819 646 874 708; x_wconf 80' lang='grc' dir='ltr'><strong>καὶ</strong></span> <span class='ocrx_word' id='word_1_18' title='bbox 905 641 963 710; x_wconf 78' lang='grc' dir='ltr'><strong>ἐπὶ</strong></span> <span class='ocrx_word' id='word_1_19' title='bbox 990 641 1098 728; x_wconf 81' lang='grc' dir='ltr'><em>τούτῳ</em></span> <span class='ocrx_word' id='word_1_20' title='bbox 1117 637 1256 720; x_wconf 78' lang='grc' dir='ltr'><em>Ῥοδίοις</em></span> <span class='ocrx_word' id='word_1_21' title='bbox 1275 637 1403 730; x_wconf 79' lang='grc' dir='ltr'><em>Ἑλένης</em></span> 
     </span>
     <span class='ocr_line' id='line_1_4' title="bbox 170 738 1402 828; baseline 0.003 -22"><span class='ocrx_word' id='word_1_22' title='bbox 170 741 259 828; x_wconf 76' lang='grc' dir='ltr'><em>ἱεράν</em></span> <span class='ocrx_word' id='word_1_23' title='bbox 289 741 359 808; x_wconf 76' lang='grc' dir='ltr'><em>ἐστι</em></span> <span class='ocrx_word' id='word_1_24' title='bbox 380 738 673 826; x_wconf 50' lang='grc' dir='ltr'><em>(Δινδρλτιδος).”ὶ)</em></span> <span class='ocrx_word' id='word_1_25' title='bbox 718 747 857 812; x_wconf 89' lang='lat' dir='ltr'><strong>Novicia</strong></span> <span class='ocrx_word' id='word_1_26' title='bbox 885 749 1076 814; x_wconf 82' lang='lat' dir='ltr'>narrationis</span> <span class='ocrx_word' id='word_1_27' title='bbox 1106 748 1273 813; x_wconf 89' lang='lat' dir='ltr'><strong>involucra</strong></span> <span class='ocrx_word' id='word_1_28' title='bbox 1296 746 1323 812; x_wconf 92' lang='lat' dir='ltr'><strong>si</strong></span> <span class='ocrx_word' id='word_1_29' title='bbox 1347 744 1402 810; x_wconf 90' lang='lat' dir='ltr'><strong>de·</strong></span> 
     </span>
     <span class='ocr_line' id='line_1_5' title="bbox 169 845 1403 935; baseline 0.002 -26"><span class='ocrx_word' id='word_1_30' title='bbox 169 847 319 912; x_wconf 84' lang='lat' dir='ltr'><strong>traxeris:</strong></span> <span class='ocrx_word' id='word_1_31' title='bbox 352 847 520 928; x_wconf 81' lang='lat' dir='ltr'>Polyxena</span> <span class='ocrx_word' id='word_1_32' title='bbox 544 846 631 925; x_wconf 89' lang='lat' dir='ltr'><strong>(Orci</strong></span> <span class='ocrx_word' id='word_1_33' title='bbox 654 856 689 913; x_wconf 92' lang='lat' dir='ltr'><strong>ut</strong></span> <span class='ocrx_word' id='word_1_34' title='bbox 716 855 865 932; x_wconf 92' lang='lat' dir='ltr'><strong>putamus</strong></span> <span class='ocrx_word' id='word_1_35' title='bbox 894 850 1017 931; x_wconf 87' lang='lat' dir='ltr'><strong>regina)</strong></span> <span class='ocrx_word' id='word_1_36' title='bbox 1046 871 1109 916; x_wconf 92' lang='lat' dir='ltr'><strong>non</strong></span> <span class='ocrx_word' id='word_1_37' title='bbox 1140 847 1321 935; x_wconf 89' lang='lat' dir='ltr'><strong>personatis</strong></span> <span class='ocrx_word' id='word_1_38' title='bbox 1344 845 1403 912; x_wconf 89' lang='lat' dir='ltr'><strong>sed</strong></span> 
     </span>
     <span class='ocr_line' id='line_1_6' title="bbox 170 947 1404 1031; baseline 0.002 -21"><span class='ocrx_word' id='word_1_39' title='bbox 170 947 251 1029; x_wconf 91' lang='lat' dir='ltr'><strong>ipsis</strong></span> <span class='ocrx_word' id='word_1_40' title='bbox 267 947 396 1031; x_wconf 87' lang='lat' dir='ltr'><strong>Erinysi</strong></span> <span class='ocrx_word' id='word_1_41' title='bbox 412 947 666 1014; x_wconf 88' lang='lat' dir='ltr'><strong>interficiendam</strong></span> <span class='ocrx_word' id='word_1_42' title='bbox 682 950 838 1016; x_wconf 84' lang='lat' dir='ltr'>Helenam</span> <span class='ocrx_word' id='word_1_43' title='bbox 856 950 962 1016; x_wconf 89' lang='lat' dir='ltr'>Rhodi</span> <span class='ocrx_word' id='word_1_44' title='bbox 978 953 1055 1016; x_wconf 94' lang='lat' dir='ltr'><strong>olim</strong></span> <span class='ocrx_word' id='word_1_45' title='bbox 1073 953 1206 1016; x_wconf 89' lang='lat' dir='ltr'><strong>curavit.</strong></span> <span class='ocrx_word' id='word_1_46' title='bbox 1243 950 1404 1016; x_wconf 86' lang='lat' dir='ltr'><strong>Mortuam</strong></span> 
     </span>
     <span class='ocr_line' id='line_1_7' title="bbox 170 1041 1414 1134; baseline 0.006 -24"><span class='ocrx_word' id='word_1_47' title='bbox 170 1047 290 1113; x_wconf 91' lang='lat' dir='ltr'><strong>Rhodii</strong></span> <span class='ocrx_word' id='word_1_48' title='bbox 307 1055 339 1114; x_wconf 92' lang='lat' dir='ltr'><strong>et</strong></span> <span class='ocrx_word' id='word_1_49' title='bbox 352 1041 601 1134; x_wconf 80' lang='grc' dir='ltr'><em>Ἀπαγχομένης</em></span> <span class='ocrx_word' id='word_1_50' title='bbox 619 1061 651 1116; x_wconf 88' lang='lat' dir='ltr'><strong>et</strong></span> <span class='ocrx_word' id='word_1_51' title='bbox 665 1050 883 1134; x_wconf 78' lang='grc' dir='ltr'><em>Δενδρίτιδος</em></span> <span class='ocrx_word' id='word_1_52' title='bbox 898 1054 1027 1118; x_wconf 91' lang='lat' dir='ltr'><strong>nomine</strong></span> <span class='ocrx_word' id='word_1_53' title='bbox 1042 1054 1192 1119; x_wconf 92' lang='lat' dir='ltr'><strong>colebant</strong></span> <span class='ocrx_word' id='word_1_54' title='bbox 1206 1049 1414 1133; x_wconf 55' lang='lat' dir='ltr'><strong>tetigisset)</strong></span> 
     </span>
     <span class='ocr_line' id='line_1_8' title="bbox 170 1149 1404 1238; baseline 0.002 -25"><span class='ocrx_word' id='word_1_55' title='bbox 170 1149 236 1214; x_wconf 88' lang='lat' dir='ltr'><strong>Sed</strong></span> <span class='ocrx_word' id='word_1_56' title='bbox 259 1149 339 1216; x_wconf 93' lang='lat' dir='ltr'><strong>haec</strong></span> <span class='ocrx_word' id='word_1_57' title='bbox 362 1153 394 1216; x_wconf 92' lang='lat' dir='ltr'><strong>in</strong></span> <span class='ocrx_word' id='word_1_58' title='bbox 417 1160 608 1219; x_wconf 86' lang='lat' dir='ltr'><strong>transcursu.</strong></span> <span class='ocrx_word' id='word_1_59' title='bbox 654 1153 813 1218; x_wconf 83' lang='lat' dir='ltr'><strong>Rhodiam</strong></span> <span class='ocrx_word' id='word_1_60' title='bbox 837 1155 979 1219; x_wconf 88' lang='lat' dir='ltr'><strong>fabulam</strong></span> <span class='ocrx_word' id='word_1_61' title='bbox 1001 1174 1072 1220; x_wconf 92' lang='lat' dir='ltr'><strong>cum</strong></span> <span class='ocrx_word' id='word_1_62' title='bbox 1096 1155 1190 1238; x_wconf 90' lang='lat' dir='ltr'><strong>epica</strong></span> <span class='ocrx_word' id='word_1_63' title='bbox 1211 1151 1404 1236; x_wconf 91' lang='lat' dir='ltr'><strong>Apollonius</strong></span> 
     </span>
     <span class='ocr_line' id='line_1_9' title="bbox 169 1252 1403 1338; baseline 0.002 -23"><span class='ocrx_word' id='word_1_64' title='bbox 169 1253 217 1317; x_wconf 89' lang='lat' dir='ltr'><strong>ita</strong></span> <span class='ocrx_word' id='word_1_65' title='bbox 238 1254 450 1336; x_wconf 90' lang='lat' dir='ltr'><strong>commiscuit,</strong></span> <span class='ocrx_word' id='word_1_66' title='bbox 474 1263 508 1318; x_wconf 88' lang='lat' dir='ltr'><strong>ul</strong></span> <span class='ocrx_word' id='word_1_67' title='bbox 530 1255 655 1320; x_wconf 84' lang='lat' dir='ltr'>tertiam</span> <span class='ocrx_word' id='word_1_68' title='bbox 673 1264 798 1321; x_wconf 85' lang='lat' dir='ltr'><strong>crearet</strong></span> <span class='ocrx_word' id='word_1_69' title='bbox 813 1276 948 1338; x_wconf 87' lang='lat' dir='ltr'><strong>eamque</strong></span> <span class='ocrx_word' id='word_1_70' title='bbox 970 1256 1014 1321; x_wconf 96' lang='lat' dir='ltr'><strong>ad</strong></span> <span class='ocrx_word' id='word_1_71' title='bbox 1029 1255 1262 1322; x_wconf 88' lang='lat' dir='ltr'><strong>inlustrandum</strong></span> <span class='ocrx_word' id='word_1_72' title='bbox 1279 1252 1403 1318; x_wconf 80' lang='lat' dir='ltr'><strong>Canobi</strong></span> 
     </span>
     <span class='ocr_line' id='line_1_10' title="bbox 171 1357 1403 1440; baseline 0 -22"><span class='ocrx_word' id='word_1_73' title='bbox 171 1357 426 1421; x_wconf 88' lang='lat' dir='ltr'><strong>catasterismum</strong></span> <span class='ocrx_word' id='word_1_74' title='bbox 449 1358 659 1439; x_wconf 83' lang='lat' dir='ltr'><strong>aptissimam.</strong></span> <span class='ocrx_word' id='word_1_75' title='bbox 706 1357 812 1423; x_wconf 86' lang='lat' dir='ltr'><strong>Rhodi</strong></span> <span class='ocrx_word' id='word_1_76' title='bbox 835 1359 933 1440; x_wconf 87' lang='lat' dir='ltr'><strong>igitur</strong></span> <span class='ocrx_word' id='word_1_77' title='bbox 956 1377 1028 1423; x_wconf 87' lang='lat' dir='ltr'><strong>cum</strong></span> <span class='ocrx_word' id='word_1_78' title='bbox 1049 1360 1106 1423; x_wconf 93' lang='lat' dir='ltr'><strong>ille</strong></span> <span class='ocrx_word' id='word_1_79' title='bbox 1129 1364 1322 1438; x_wconf 86' lang='lat' dir='ltr'><strong>versaretur,</strong></span> <span class='ocrx_word' id='word_1_80' title='bbox 1345 1374 1403 1438; x_wconf 93' lang='lat' dir='ltr'><strong>pu-</strong></span> 
     </span>
     <span class='ocr_line' id='line_1_11' title="bbox 170 1456 1405 1542; baseline -0.001 -22"><span class='ocrx_word' id='word_1_81' title='bbox 170 1456 286 1524; x_wconf 90' lang='lat' dir='ltr'><strong>tandus</strong></span> <span class='ocrx_word' id='word_1_82' title='bbox 309 1465 357 1524; x_wconf 91' lang='lat' dir='ltr'><strong>est</strong></span> <span class='ocrx_word' id='word_1_83' title='bbox 379 1458 626 1524; x_wconf 91' lang='lat' dir='ltr'><strong>choliambicum</strong></span> <span class='ocrx_word' id='word_1_84' title='bbox 650 1460 691 1524; x_wconf 93' lang='lat' dir='ltr'><strong>de</strong></span> <span class='ocrx_word' id='word_1_85' title='bbox 707 1458 839 1525; x_wconf 78' lang='lat' dir='ltr'><strong>Canobo</strong></span> <span class='ocrx_word' id='word_1_86' title='bbox 863 1479 991 1525; x_wconf 89' lang='lat' dir='ltr'><strong>carmen</strong></span> <span class='ocrx_word' id='word_1_87' title='bbox 1007 1460 1235 1542; x_wconf 80' lang='lat' dir='ltr'><strong>composuisse.</strong></span> <span class='ocrx_word' id='word_1_88' title='bbox 1273 1457 1405 1523; x_wconf 76' lang='lat' dir='ltr'><strong>Poterat</strong></span> 
     </span>
     <span class='ocr_line' id='line_1_12' title="bbox 171 1559 1404 1644; baseline 0 -22"><span class='ocrx_word' id='word_1_89' title='bbox 171 1559 201 1622; x_wconf 90' lang='lat' dir='ltr'><strong>ei</strong></span> <span class='ocrx_word' id='word_1_90' title='bbox 225 1567 353 1644; x_wconf 84' lang='lat' dir='ltr'><strong>praeter</strong></span> <span class='ocrx_word' id='word_1_91' title='bbox 375 1562 508 1625; x_wconf 87' lang='lat' dir='ltr'><strong>Aratum</strong></span> <span class='ocrx_word' id='word_1_92' title='bbox 533 1563 682 1644; x_wconf 85' lang='lat' dir='ltr'><strong>exemplo</strong></span> <span class='ocrx_word' id='word_1_93' title='bbox 706 1581 778 1626; x_wconf 88' lang='lat' dir='ltr'><strong>csse</strong></span> <span class='ocrx_word' id='word_1_94' title='bbox 801 1562 958 1627; x_wconf 82' lang='lat' dir='ltr'><strong>Berenice</strong></span> <span class='ocrx_word' id='word_1_95' title='bbox 981 1560 1183 1627; x_wconf 79' lang='lat' dir='ltr'><strong>Callimachi.</strong></span> <span class='ocrx_word' id='word_1_96' title='bbox 1228 1561 1404 1642; x_wconf 81' lang='lat' dir='ltr'><strong>Erigonam</strong></span> 
     </span>
     <span class='ocr_line' id='line_1_13' title="bbox 171 1662 1404 1746; baseline 0.002 -22"><span class='ocrx_word' id='word_1_97' title='bbox 171 1680 248 1725; x_wconf 87' lang='lat' dir='ltr'><strong>vero</strong></span> <span class='ocrx_word' id='word_1_98' title='bbox 282 1662 503 1728; x_wconf 78' lang='lat' dir='ltr'><strong>Eratosthenis</strong></span> <span class='ocrx_word' id='word_1_99' title='bbox 534 1665 705 1746; x_wconf 90' lang='lat' dir='ltr'><strong>insequens</strong></span> <span class='ocrx_word' id='word_1_100' title='bbox 739 1663 869 1728; x_wconf 92' lang='lat' dir='ltr'><strong>demum</strong></span> <span class='ocrx_word' id='word_1_101' title='bbox 902 1664 975 1729; x_wconf 87' lang='lat' dir='ltr'><strong>tulit</strong></span> <span class='ocrx_word' id='word_1_102' title='bbox 1007 1671 1108 1729; x_wconf 85' lang='lat' dir='ltr'><strong>aetas.</strong></span> <span class='ocrx_word' id='word_1_103' title='bbox 1152 1663 1258 1745; x_wconf 92' lang='lat' dir='ltr'><strong>Ignoti</strong></span> <span class='ocrx_word' id='word_1_104' title='bbox 1286 1668 1404 1746; x_wconf 85' lang='lat' dir='ltr'><strong>poetae</strong></span> 
     </span>
     <span class='ocr_line' id='line_1_14' title="bbox 173 1763 1405 1848; baseline -0.001 -21"><span class='ocrx_word' id='word_1_105' title='bbox 173 1763 408 1830; x_wconf 87' lang='lat' dir='ltr'><strong>Phaethontem</strong></span> <span class='ocrx_word' id='word_1_106' title='bbox 424 1765 589 1848; x_wconf 92' lang='lat' dir='ltr'><strong>Apollonii</strong></span> <span class='ocrx_word' id='word_1_107' title='bbox 612 1767 679 1831; x_wconf 85' lang='lat' dir='ltr'><strong>fere</strong></span> <span class='ocrx_word' id='word_1_108' title='bbox 702 1766 837 1848; x_wconf 87' lang='lat' dir='ltr'><strong>tempori</strong></span> <span class='ocrx_word' id='word_1_109' title='bbox 859 1772 946 1831; x_wconf 91' lang='lat' dir='ltr'><strong>recte</strong></span> <span class='ocrx_word' id='word_1_110' title='bbox 969 1764 1149 1830; x_wconf 86' lang='lat' dir='ltr'><strong>vindicavit</strong></span> <span class='ocrx_word' id='word_1_111' title='bbox 1163 1764 1405 1841; x_wconf 80' lang='lat' dir='ltr'><strong>Kuaackius¹⁴).</strong></span> 
     </span>
    </p>

    <p class='ocr_par' dir='ltr' id='par_1_3' title="bbox 171 1863 1405 2256">
     <span class='ocr_line' id='line_1_15' title="bbox 256 1863 1405 1950; baseline 0 -20"><span class='ocrx_word' id='word_1_112' title='bbox 256 1867 340 1931; x_wconf 92' lang='lat' dir='ltr'><strong>Illud</strong></span> <span class='ocrx_word' id='word_1_113' title='bbox 364 1869 491 1949; x_wconf 91' lang='lat' dir='ltr'><strong>penitus</strong></span> <span class='ocrx_word' id='word_1_114' title='bbox 507 1873 703 1950; x_wconf 88' lang='lat' dir='ltr'><strong>compertum</strong></span> <span class='ocrx_word' id='word_1_115' title='bbox 728 1875 785 1949; x_wconf 91' lang='lat' dir='ltr'><strong>est,</strong></span> <span class='ocrx_word' id='word_1_116' title='bbox 810 1869 891 1932; x_wconf 90' lang='lat' dir='ltr'><strong>inter</strong></span> <span class='ocrx_word' id='word_1_117' title='bbox 913 1863 991 1942; x_wconf 83' lang='grc' dir='ltr'><em>τοὺς</em></span> <span class='ocrx_word' id='word_1_118' title='bbox 1010 1868 1089 1949; x_wconf 84' lang='grc' dir='ltr'><em>περὶ</em></span> <span class='ocrx_word' id='word_1_119' title='bbox 1112 1868 1172 1930; x_wconf 77' lang='grc' dir='ltr'><strong>τοῦ</strong></span> <span class='ocrx_word' id='word_1_120' title='bbox 1194 1864 1303 1931; x_wconf 86' lang='grc' dir='ltr'><em>πόλου</em></span> <span class='ocrx_word' id='word_1_121' title='bbox 1327 1888 1405 1930; x_wconf 87' lang='grc' dir='ltr'><em>σον-</em></span> 
     </span>
     <span class='ocr_line' id='line_1_16' title="bbox 171 1963 1403 2053; baseline 0.002 -23"><span class='ocrx_word' id='word_1_122' title='bbox 171 1965 336 2044; x_wconf 86' lang='grc' dir='ltr'><em>τάξαντας</em></span> <span class='ocrx_word' id='word_1_123' title='bbox 348 1963 569 2053; x_wconf 89' lang='lat' dir='ltr'><strong>‘Apollonium</strong></span> <span class='ocrx_word' id='word_1_124' title='bbox 584 1963 841 2052; x_wconf 87' lang='lat' dir='ltr'><strong>grammaticum&#39;</strong></span> <span class='ocrx_word' id='word_1_125' title='bbox 861 1968 1022 2035; x_wconf 91' lang='lat' dir='ltr'><strong>Rhodium</strong></span> <span class='ocrx_word' id='word_1_126' title='bbox 1036 1988 1132 2052; x_wconf 91' lang='lat' dir='ltr'><strong>posse</strong></span> <span class='ocrx_word' id='word_1_127' title='bbox 1148 1970 1216 2034; x_wconf 88' lang='lat' dir='ltr'><strong>iure</strong></span> <span class='ocrx_word' id='word_1_128' title='bbox 1232 1970 1403 2035; x_wconf 91' lang='lat' dir='ltr'><strong>recenseri.</strong></span> 
     </span>
     <span class='ocr_line' id='line_1_17' title="bbox 171 2071 1404 2157; baseline 0.002 -23"><span class='ocrx_word' id='word_1_129' title='bbox 171 2071 256 2153; x_wconf 88' lang='lat' dir='ltr'><strong>Ergo</strong></span> <span class='ocrx_word' id='word_1_130' title='bbox 286 2073 427 2153; x_wconf 88' lang='lat' dir='ltr'><strong>catalogi</strong></span> <span class='ocrx_word' id='word_1_131' title='bbox 456 2074 590 2139; x_wconf 86' lang='lat' dir='ltr'><strong>anobis</strong></span> <span class='ocrx_word' id='word_1_132' title='bbox 619 2072 795 2157; x_wconf 85' lang='lat' dir='ltr'><strong>capitelli</strong></span> <span class='ocrx_word' id='word_1_133' title='bbox 820 2072 932 2138; x_wconf 87' lang='lat' dir='ltr'><strong>refecti</strong></span> <span class='ocrx_word' id='word_1_134' title='bbox 961 2071 1057 2137; x_wconf 88' lang='lat' dir='ltr'><strong>fidem</strong></span> <span class='ocrx_word' id='word_1_135' title='bbox 1088 2071 1193 2137; x_wconf 92' lang='lat' dir='ltr'><strong>denuo</strong></span> <span class='ocrx_word' id='word_1_136' title='bbox 1216 2091 1325 2138; x_wconf 91' lang='lat' dir='ltr'><strong>sumus</strong></span> <span class='ocrx_word' id='word_1_137' title='bbox 1348 2091 1404 2137; x_wconf 86' lang='lat' dir='ltr'><strong>ex·</strong></span> 
     </span>
     <span class='ocr_line' id='line_1_18' title="bbox 171 2174 462 2256; baseline 0 -18"><span class='ocrx_word' id='word_1_138' title='bbox 171 2175 253 2256; x_wconf 88' lang='lat' dir='ltr'><strong>perti</strong></span> <span class='ocrx_word' id='word_1_139' title='bbox 276 2174 462 2240; x_wconf 81' lang='lat' dir='ltr'><strong>luculenter.</strong></span> 
     </span>
    </p>
   </div>
   <div class='ocr_carea' id='block_1_3' title="bbox 171 2377 1407 2972">
    <p class='ocr_par' dir='ltr' id='par_1_4' title="bbox 171 2377 1407 2972">
     <span class='ocr_line' id='line_1_19' title="bbox 257 2377 1406 2460; baseline -0.001 -18"><span class='ocrx_word' id='word_1_140' title='bbox 257 2378 489 2460; x_wconf 84' lang='lat' dir='ltr'><strong>Argumentum</strong></span> <span class='ocrx_word' id='word_1_141' title='bbox 503 2378 626 2444; x_wconf 83' lang='lat' dir='ltr'><strong>Oanobi</strong></span> <span class='ocrx_word' id='word_1_142' title='bbox 642 2379 849 2460; x_wconf 85' lang='lat' dir='ltr'><strong>Apolloniani</strong></span> <span class='ocrx_word' id='word_1_143' title='bbox 863 2385 932 2443; x_wconf 88' lang='lat' dir='ltr'><strong>erat</strong></span> <span class='ocrx_word' id='word_1_144' title='bbox 944 2378 1057 2444; x_wconf 89' lang='lat' dir='ltr'><strong>hocce:</strong></span> <span class='ocrx_word' id='word_1_145' title='bbox 1076 2377 1253 2444; x_wconf 88' lang='lat' dir='ltr'><strong>Phrontide</strong></span> <span class='ocrx_word' id='word_1_146' title='bbox 1265 2377 1406 2442; x_wconf 89' lang='lat' dir='ltr'><strong>Menelai</strong></span> 
     </span>
     <span class='ocr_line' id='line_1_20' title="bbox 171 2478 1405 2561; baseline 0 -19"><span class='ocrx_word' id='word_1_147' title='bbox 171 2478 384 2559; x_wconf 84' lang='lat' dir='ltr'><strong>gubernatore</strong></span> <span class='ocrx_word' id='word_1_148' title='bbox 396 2480 490 2546; x_wconf 91' lang='lat' dir='ltr'><strong>undis</strong></span> <span class='ocrx_word' id='word_1_149' title='bbox 507 2480 621 2546; x_wconf 89' lang='lat' dir='ltr'><strong>hausto</strong></span> <span class='ocrx_word' id='word_1_150' title='bbox 634 2481 782 2546; x_wconf 80' lang='lat' dir='ltr'><strong>Canobus</strong></span> <span class='ocrx_word' id='word_1_151' title='bbox 795 2481 989 2561; x_wconf 86' lang='lat' dir='ltr'><strong>Amyclaeus</strong></span> <span class='ocrx_word' id='word_1_152' title='bbox 1001 2479 1153 2545; x_wconf 85' lang='lat' dir='ltr'><strong>suffectus</strong></span> <span class='ocrx_word' id='word_1_153' title='bbox 1164 2478 1272 2543; x_wconf 89' lang='lat' dir='ltr'><strong>Rhodi</strong></span> <span class='ocrx_word' id='word_1_154' title='bbox 1287 2497 1405 2544; x_wconf 85' lang='lat' dir='ltr'><strong>navem</strong></span> 
     </span>
     <span class='ocr_line' id='line_1_21' title="bbox 172 2578 1406 2664; baseline 0.003 -22"><span class='ocrx_word' id='word_1_155' title='bbox 172 2578 318 2662; x_wconf 86' lang='lat' dir='ltr'><strong>adpellit,</strong></span> <span class='ocrx_word' id='word_1_156' title='bbox 340 2583 396 2647; x_wconf 93' lang='lat' dir='ltr'><strong>ubi</strong></span> <span class='ocrx_word' id='word_1_157' title='bbox 412 2582 557 2647; x_wconf 90' lang='lat' dir='ltr'><strong>Helenae</strong></span> <span class='ocrx_word' id='word_1_158' title='bbox 572 2581 692 2647; x_wconf 93' lang='lat' dir='ltr'><strong>Rhodii</strong></span> <span class='ocrx_word' id='word_1_159' title='bbox 708 2583 906 2663; x_wconf 90' lang='lat' dir='ltr'><strong>instigatrice</strong></span> <span class='ocrx_word' id='word_1_160' title='bbox 923 2582 1092 2664; x_wconf 85' lang='lat' dir='ltr'><strong>Polyxena</strong></span> <span class='ocrx_word' id='word_1_161' title='bbox 1107 2582 1288 2663; x_wconf 86' lang='lat' dir='ltr'><strong>Tlepolemi</strong></span> <span class='ocrx_word' id='word_1_162' title='bbox 1305 2600 1406 2648; x_wconf 86' lang='lat' dir='ltr'><strong>uxore</strong></span> 
     </span>
     <span class='ocr_line' id='line_1_22' title="bbox 173 2682 1405 2750; baseline 0.001 -4"><span class='ocrx_word' id='word_1_163' title='bbox 173 2682 317 2747; x_wconf 90' lang='lat' dir='ltr'><strong>insidiati</strong></span> <span class='ocrx_word' id='word_1_164' title='bbox 340 2685 372 2747; x_wconf 94' lang='lat' dir='ltr'><strong>in</strong></span> <span class='ocrx_word' id='word_1_165' title='bbox 395 2705 483 2749; x_wconf 88' lang='lat' dir='ltr'><strong>mare</strong></span> <span class='ocrx_word' id='word_1_166' title='bbox 506 2685 642 2749; x_wconf 89' lang='lat' dir='ltr'><strong>reiciunt</strong></span> <span class='ocrx_word' id='word_1_167' title='bbox 664 2684 818 2749; x_wconf 87' lang='lat' dir='ltr'><strong>advenas.</strong></span> <span class='ocrx_word' id='word_1_168' title='bbox 863 2684 942 2750; x_wconf 89' lang='lat' dir='ltr'><strong>Post</strong></span> <span class='ocrx_word' id='word_1_169' title='bbox 963 2685 1071 2749; x_wconf 86' lang='lat' dir='ltr'><strong>varios</strong></span> <span class='ocrx_word' id='word_1_170' title='bbox 1094 2683 1142 2747; x_wconf 94' lang='lat' dir='ltr'><strong>illi</strong></span> <span class='ocrx_word' id='word_1_171' title='bbox 1166 2704 1290 2749; x_wconf 90' lang='lat' dir='ltr'><strong>errores</strong></span> <span class='ocrx_word' id='word_1_172' title='bbox 1315 2704 1405 2749; x_wconf 88' lang='lat' dir='ltr'><strong>oram</strong></span> 
     </span>
     <span class='ocr_line' id='line_1_23' title="bbox 174 2782 1406 2868; baseline 0.002 -21"><span class='ocrx_word' id='word_1_173' title='bbox 174 2782 384 2849; x_wconf 90' lang='lat' dir='ltr'><strong>Phoeniciam</strong></span> <span class='ocrx_word' id='word_1_174' title='bbox 406 2788 581 2852; x_wconf 89' lang='lat' dir='ltr'><strong>transvecti</strong></span> <span class='ocrx_word' id='word_1_175' title='bbox 603 2792 731 2851; x_wconf 90' lang='lat' dir='ltr'><strong>tenente</strong></span> <span class='ocrx_word' id='word_1_176' title='bbox 754 2785 1005 2868; x_wconf 90' lang='lat' dir='ltr'><strong>gubernaculum</strong></span> <span class='ocrx_word' id='word_1_177' title='bbox 1028 2785 1161 2851; x_wconf 81' lang='lat' dir='ltr'><strong>Canobo</strong></span> <span class='ocrx_word' id='word_1_178' title='bbox 1184 2784 1314 2850; x_wconf 92' lang='lat' dir='ltr'><strong>tandem</strong></span> <span class='ocrx_word' id='word_1_179' title='bbox 1337 2785 1406 2850; x_wconf 89' lang='lat' dir='ltr'><strong>Nili</strong></span> 
     </span>
     <span class='ocr_line' id='line_1_24' title="bbox 174 2886 1407 2972; baseline 0.001 -22"><span class='ocrx_word' id='word_1_180' title='bbox 174 2886 258 2950; x_wconf 90' lang='lat' dir='ltr'><strong>ostia</strong></span> <span class='ocrx_word' id='word_1_181' title='bbox 279 2888 514 2953; x_wconf 86' lang='lat' dir='ltr'><strong>nanciscuntur.</strong></span> <span class='ocrx_word' id='word_1_182' title='bbox 559 2889 690 2971; x_wconf 86' lang='lat' dir='ltr'><strong>Egressi</strong></span> <span class='ocrx_word' id='word_1_183' title='bbox 713 2888 745 2952; x_wconf 91' lang='lat' dir='ltr'><strong>iu</strong></span> <span class='ocrx_word' id='word_1_184' title='bbox 769 2895 887 2954; x_wconf 86' lang='lat' dir='ltr'><strong>terram</strong></span> <span class='ocrx_word' id='word_1_185' title='bbox 910 2889 997 2972; x_wconf 86' lang='lat' dir='ltr'><strong>apud</strong></span> <span class='ocrx_word' id='word_1_186' title='bbox 1020 2888 1148 2952; x_wconf 87' lang='lat' dir='ltr'><strong>Thoniu</strong></span> <span class='ocrx_word' id='word_1_187' title='bbox 1171 2888 1407 2970; x_wconf 90' lang='lat' dir='ltr'><strong>Aegyptiorum</strong></span> 
     </span>
    </p>
   </div>
   <div class='ocr_carea' id='block_1_4' title="bbox 60 2989 1405 3075">
    <p class='ocr_par' dir='ltr' id='par_1_5' title="bbox 60 2989 1405 3075">
     <span class='ocr_line' id='line_1_25' title="bbox 60 2989 1405 3075; baseline 0.003 -25"><span class='ocrx_word' id='word_1_188' title='bbox 60 3025 62 3028; x_wconf 35' lang='lat'><strong><em>⁴</em></strong></span> <span class='ocrx_word' id='word_1_189' title='bbox 140 3072 141 3075; x_wconf 8' lang='grc' dir='ltr'><strong>Ἴ</strong></span> <span class='ocrx_word' id='word_1_190' title='bbox 173 3006 282 3068; x_wconf 87' lang='lat' dir='ltr'><strong>regem</strong></span> <span class='ocrx_word' id='word_1_191' title='bbox 305 3008 377 3055; x_wconf 89' lang='lat' dir='ltr'><strong>sese</strong></span> <span class='ocrx_word' id='word_1_192' title='bbox 401 2991 584 3056; x_wconf 91' lang='lat' dir='ltr'><strong>ediuturuo</strong></span> <span class='ocrx_word' id='word_1_193' title='bbox 607 2991 718 3055; x_wconf 86' lang='lat' dir='ltr'><strong>labore</strong></span> <span class='ocrx_word' id='word_1_194' title='bbox 740 2992 906 3073; x_wconf 91' lang='lat' dir='ltr'><strong>recipiunt.</strong></span> <span class='ocrx_word' id='word_1_195' title='bbox 946 2992 1027 3055; x_wconf 82' lang='lat' dir='ltr'><strong>&#39;Pom</strong></span> <span class='ocrx_word' id='word_1_196' title='bbox 1044 2989 1167 3055; x_wconf 77' lang='lat' dir='ltr'><strong>(iacobi</strong></span> <span class='ocrx_word' id='word_1_197' title='bbox 1190 3008 1311 3070; x_wconf 91' lang='lat' dir='ltr'><strong>amore,</strong></span> <span class='ocrx_word' id='word_1_198' title='bbox 1333 3009 1405 3072; x_wconf 89' lang='lat' dir='ltr'><strong>per-</strong></span> 
     </span>
    </p>
   </div>
   <div class='ocr_carea' id='block_1_5' title="bbox 172 3089 1407 3280">
    <p class='ocr_par' dir='ltr' id='par_1_6' title="bbox 172 3089 1407 3280">
     <span class='ocr_line' id='line_1_26' title="bbox 174 3089 1407 3177; baseline 0.002 -24"><span class='ocrx_word' id='word_1_199' title='bbox 174 3089 300 3172; x_wconf 90' lang='lat' dir='ltr'><strong>pulchri</strong></span> <span class='ocrx_word' id='word_1_200' title='bbox 323 3093 448 3158; x_wconf 90' lang='lat' dir='ltr'><strong>iuvenis</strong></span> <span class='ocrx_word' id='word_1_201' title='bbox 472 3093 529 3158; x_wconf 91' lang='lat' dir='ltr'><strong>sed</strong></span> <span class='ocrx_word' id='word_1_202' title='bbox 545 3094 714 3177; x_wconf 88' lang='lat' dir='ltr'><strong>fastidiosi,</strong></span> <span class='ocrx_word' id='word_1_203' title='bbox 738 3093 903 3173; x_wconf 85' lang='lat' dir='ltr'><strong>Theonoe,</strong></span> <span class='ocrx_word' id='word_1_204' title='bbox 926 3092 1035 3158; x_wconf 88' lang='lat' dir='ltr'><strong>Protei</strong></span> <span class='ocrx_word' id='word_1_205' title='bbox 1058 3092 1142 3157; x_wconf 87' lang='lat' dir='ltr'><strong>vatis</strong></span> <span class='ocrx_word' id='word_1_206' title='bbox 1164 3090 1240 3172; x_wconf 91' lang='lat' dir='ltr'><strong>filia,</strong></span> <span class='ocrx_word' id='word_1_207' title='bbox 1264 3092 1407 3174; x_wconf 90' lang='lat' dir='ltr'><strong>capitur:</strong></span> 
     </span>
     <span class='ocr_line' id='line_1_27' title="bbox 172 3193 1407 3280; baseline 0.004 -26"><span class='ocrx_word' id='word_1_208' title='bbox 172 3211 232 3256; x_wconf 90' lang='lat' dir='ltr'><strong>nec</strong></span> <span class='ocrx_word' id='word_1_209' title='bbox 253 3199 361 3258; x_wconf 91' lang='lat' dir='ltr'><strong>tamen</strong></span> <span class='ocrx_word' id='word_1_210' title='bbox 384 3196 451 3260; x_wconf 87' lang='lat' dir='ltr'><strong>voti</strong></span> <span class='ocrx_word' id='word_1_211' title='bbox 473 3195 512 3259; x_wconf 84' lang='lat' dir='ltr'><strong>iit</strong></span> <span class='ocrx_word' id='word_1_212' title='bbox 534 3215 675 3280; x_wconf 91' lang='lat' dir='ltr'><strong>compos,</strong></span> <span class='ocrx_word' id='word_1_213' title='bbox 697 3195 756 3262; x_wconf 90' lang='lat' dir='ltr'><strong>sed</strong></span> <span class='ocrx_word' id='word_1_214' title='bbox 779 3196 916 3276; x_wconf 89' lang='lat' dir='ltr'><strong>superbe</strong></span> <span class='ocrx_word' id='word_1_215' title='bbox 939 3195 1114 3276; x_wconf 89' lang='lat' dir='ltr'><strong>repellitur.</strong></span> <span class='ocrx_word' id='word_1_216' title='bbox 1160 3193 1243 3258; x_wconf 90' lang='lat' dir='ltr'><strong>Hinc</strong></span> <span class='ocrx_word' id='word_1_217' title='bbox 1265 3194 1407 3259; x_wconf 91' lang='lat' dir='ltr'><strong>numinis</strong></span> 
     </span>
    </p>
   </div>
   <div class='ocr_carea' id='block_1_6' title="bbox 178 3311 377 3321">
    <p class='ocr_par' dir='ltr' id='par_1_7' title="bbox 178 3311 377 3321">
     <span class='ocr_line' id='line_1_28' title="bbox 178 3311 377 3321; baseline 0.015 -3"><span class='ocrx_word' id='word_1_218' title='bbox 178 3311 377 3321; x_wconf 60' lang='lat'>————</span> 
     </span>
    </p>
   </div>
   <div class='ocr_carea' id='block_1_7' title="bbox 170 3388 1409 4231">
    <p class='ocr_par' dir='ltr' id='par_1_8' title="bbox 172 3388 1409 3805">
     <span class='ocr_line' id='line_1_29' title="bbox 262 3388 1408 3471; baseline 0.002 -23"><span class='ocrx_word' id='word_1_219' title='bbox 262 3395 292 3460; x_wconf 83' lang='lat'><strong>¹¹)</strong></span> <span class='ocrx_word' id='word_1_220' title='bbox 310 3395 482 3471; x_wconf 85' lang='lat' dir='ltr'><strong>Ptolemaeus</strong></span> <span class='ocrx_word' id='word_1_221' title='bbox 506 3397 632 3451; x_wconf 82' lang='lat' dir='ltr'><strong>Chenuus</strong></span> <span class='ocrx_word' id='word_1_222' title='bbox 657 3412 719 3450; x_wconf 88' lang='lat' dir='ltr'><strong>cum</strong></span> <span class='ocrx_word' id='word_1_223' title='bbox 743 3395 809 3450; x_wconf 89' lang='lat' dir='ltr'><strong>dicit</strong></span> <span class='ocrx_word' id='word_1_224' title='bbox 833 3394 871 3450; x_wconf 89' lang='lat' dir='ltr'><strong>IV</strong></span> <span class='ocrx_word' id='word_1_225' title='bbox 889 3412 916 3463; x_wconf 93' lang='lat' dir='ltr'><strong>p.</strong></span> <span class='ocrx_word' id='word_1_226' title='bbox 932 3399 980 3448; x_wconf 81' lang='lat'><strong>189</strong></span> <span class='ocrx_word' id='word_1_227' title='bbox 1000 3395 1087 3448; x_wconf 88' lang='lat' dir='ltr'><strong>Wcst.</strong></span> <span class='ocrx_word' id='word_1_228' title='bbox 1111 3397 1177 3468; x_wconf 81' lang='grc' dir='ltr'><em>περὶ</em></span> <span class='ocrx_word' id='word_1_229' title='bbox 1202 3397 1251 3464; x_wconf 80' lang='grc' dir='ltr'><strong>τῆς</strong></span> <span class='ocrx_word' id='word_1_230' title='bbox 1265 3388 1408 3451; x_wconf 69' lang='lat' dir='ltr'><strong>‘Eteoclea</strong></span> 
     </span>
     <span class='ocr_line' id='line_1_30' title="bbox 172 3473 1407 3555; baseline 0.002 -21"><span class='ocrx_word' id='word_1_231' title='bbox 172 3474 307 3550; x_wconf 80' lang='grc' dir='ltr'><em>βοτάνης,</em></span> <span class='ocrx_word' id='word_1_232' title='bbox 325 3475 342 3553; x_wconf 75' lang='grc' dir='ltr'><strong><em>ἢ</em></strong></span> <span class='ocrx_word' id='word_1_233' title='bbox 360 3479 391 3537; x_wconf 82' lang='grc' dir='ltr'><strong>ἐν</strong></span> <span class='ocrx_word' id='word_1_234' title='bbox 404 3476 492 3555; x_wconf 85' lang='grc' dir='ltr'><em>Ῥόδῳ</em></span> <span class='ocrx_word' id='word_1_235' title='bbox 510 3477 625 3552; x_wconf 73' lang='grc' dir='ltr'><em>φύεται,</em></span> <span class='ocrx_word' id='word_1_236' title='bbox 645 3473 689 3537; x_wconf 74' lang='grc' dir='ltr'><em>ὅτι</em></span> <span class='ocrx_word' id='word_1_237' title='bbox 707 3502 739 3537; x_wconf 81' lang='grc' dir='ltr'><strong>τε</strong></span> <span class='ocrx_word' id='word_1_238' title='bbox 754 3474 814 3538; x_wconf 85' lang='grc' dir='ltr'><strong>άπὸ</strong></span> <span class='ocrx_word' id='word_1_239' title='bbox 834 3485 884 3551; x_wconf 75' lang='grc' dir='ltr'><strong>τῆς</strong></span> <span class='ocrx_word' id='word_1_240' title='bbox 896 3474 1008 3551; x_wconf 77' lang='grc' dir='ltr'><em>Ἑλένης</em></span> <span class='ocrx_word' id='word_1_241' title='bbox 1025 3477 1223 3550; x_wconf 78' lang='grc' dir='ltr'><em>ἐπωνομάσθη</em></span> <span class='ocrx_word' id='word_1_242' title='bbox 1241 3474 1331 3547; x_wconf 79' lang='grc' dir='ltr'><em>(παρὰ</em></span> <span class='ocrx_word' id='word_1_243' title='bbox 1349 3475 1407 3551; x_wconf 84' lang='grc' dir='ltr'><strong>γὰρ</strong></span> 
     </span>
     <span class='ocr_line' id='line_1_31' title="bbox 173 3557 1409 3638; baseline 0.001 -17"><span class='ocrx_word' id='word_1_244' title='bbox 173 3560 225 3636; x_wconf 78' lang='grc' dir='ltr'><strong>τὴν</strong></span> <span class='ocrx_word' id='word_1_245' title='bbox 242 3570 309 3637; x_wconf 86' lang='grc' dir='ltr'><em>δρῦν</em></span> <span class='ocrx_word' id='word_1_246' title='bbox 328 3562 413 3638; x_wconf 75' lang='grc' dir='ltr'><em>ὤφθη</em></span> <span class='ocrx_word' id='word_1_247' title='bbox 431 3576 549 3635; x_wconf 85' lang='grc' dir='ltr'><em>φοεῖσα,</em></span> <span class='ocrx_word' id='word_1_248' title='bbox 566 3560 618 3633; x_wconf 80' lang='grc' dir='ltr'><strong>ἀφ’</strong></span> <span class='ocrx_word' id='word_1_249' title='bbox 638 3557 671 3638; x_wconf 77' lang='grc' dir='ltr'><strong>ἧς</strong></span> <span class='ocrx_word' id='word_1_250' title='bbox 695 3561 798 3635; x_wconf 77' lang='grc' dir='ltr'><em>ἑαυτὴν</em></span> <span class='ocrx_word' id='word_1_251' title='bbox 820 3559 945 3637; x_wconf 82' lang='grc' dir='ltr'><em>άπῆγξεν</em></span> <span class='ocrx_word' id='word_1_252' title='bbox 964 3559 1069 3637; x_wconf 79' lang='grc' dir='ltr'><em>Ἑλένη)</em></span> <span class='ocrx_word' id='word_1_253' title='bbox 1086 3569 1135 3622; x_wconf 82' lang='grc' dir='ltr'><strong>καὶ</strong></span> <span class='ocrx_word' id='word_1_254' title='bbox 1154 3559 1193 3630; x_wconf 79' lang='grc' dir='ltr'><strong>ὡς</strong></span> <span class='ocrx_word' id='word_1_255' title='bbox 1217 3563 1245 3620; x_wconf 79' lang='grc' dir='ltr'><strong>οὶ</strong></span> <span class='ocrx_word' id='word_1_256' title='bbox 1263 3561 1409 3637; x_wconf 79' lang='grc' dir='ltr'><em>φαγόντες</em></span> 
     </span>
     <span class='ocr_line' id='line_1_32' title="bbox 176 3643 1408 3726; baseline 0.001 -21"><span class='ocrx_word' id='word_1_257' title='bbox 176 3643 262 3721; x_wconf 78' lang='grc' dir='ltr'><em>αὐτῆς</em></span> <span class='ocrx_word' id='word_1_258' title='bbox 279 3647 396 3718; x_wconf 84' lang='grc' dir='ltr'><em>πάντως</em></span> <span class='ocrx_word' id='word_1_259' title='bbox 413 3652 454 3718; x_wconf 80' lang='grc' dir='ltr'><strong>εἰς</strong></span> <span class='ocrx_word' id='word_1_260' title='bbox 471 3650 532 3726; x_wconf 74' lang='grc' dir='ltr'><em>ἔριν</em></span> <span class='ocrx_word' id='word_1_261' title='bbox 544 3656 743 3719; x_wconf 74' lang='grc' dir='ltr'><em>καθίστανται,</em></span> <span class='ocrx_word' id='word_1_262' title='bbox 755 3654 864 3721; x_wconf 89' lang='lat' dir='ltr'><strong>praeter</strong></span> <span class='ocrx_word' id='word_1_263' title='bbox 881 3651 988 3705; x_wconf 87' lang='lat' dir='ltr'><strong>solitum</strong></span> <span class='ocrx_word' id='word_1_264' title='bbox 1007 3650 1064 3705; x_wconf 89' lang='lat' dir='ltr'><strong>fere</strong></span> <span class='ocrx_word' id='word_1_265' title='bbox 1080 3650 1224 3704; x_wconf 87' lang='lat' dir='ltr'><strong>tradidisse</strong></span> <span class='ocrx_word' id='word_1_266' title='bbox 1242 3665 1335 3704; x_wconf 88' lang='lat' dir='ltr'><strong>vorum</strong></span> <span class='ocrx_word' id='word_1_267' title='bbox 1354 3651 1408 3706; x_wconf 87' lang='lat' dir='ltr'><strong>hoc</strong></span> 
     </span>
     <span class='ocr_line' id='line_1_33' title="bbox 176 3735 905 3805; baseline 0.001 -16"><span class='ocrx_word' id='word_1_268' title='bbox 176 3740 249 3789; x_wconf 88' lang='lat' dir='ltr'><strong>certe</strong></span> <span class='ocrx_word' id='word_1_269' title='bbox 266 3737 328 3790; x_wconf 91' lang='lat' dir='ltr'><strong>loco</strong></span> <span class='ocrx_word' id='word_1_270' title='bbox 347 3738 484 3805; x_wconf 89' lang='lat' dir='ltr'><strong>putandus</strong></span> <span class='ocrx_word' id='word_1_271' title='bbox 503 3745 553 3792; x_wconf 91' lang='lat' dir='ltr'><strong>est.</strong></span> <span class='ocrx_word' id='word_1_272' title='bbox 588 3738 704 3792; x_wconf 87' lang='lat' dir='ltr'><strong>Perraro</strong></span> <span class='ocrx_word' id='word_1_273' title='bbox 722 3737 751 3790; x_wconf 92' lang='lat' dir='ltr'><strong>id</strong></span> <span class='ocrx_word' id='word_1_274' title='bbox 768 3737 814 3790; x_wconf 94' lang='lat' dir='ltr'><strong>ille</strong></span> <span class='ocrx_word' id='word_1_275' title='bbox 831 3735 905 3790; x_wconf 87' lang='lat' dir='ltr'><strong>fecit.</strong></span> 
     </span>
    </p>

    <p class='ocr_par' dir='ltr' id='par_1_9' title="bbox 170 3814 1408 4131">
     <span class='ocr_line' id='line_1_34' title="bbox 208 3814 1407 3895; baseline -0.003 -17"><span class='ocrx_word' id='word_1_276' title='bbox 208 3829 210 3833; x_wconf 88' lang='grc'><strong>’</strong></span> <span class='ocrx_word' id='word_1_277' title='bbox 263 3822 292 3886; x_wconf 82' lang='lat'><strong>¹³)</strong></span> <span class='ocrx_word' id='word_1_278' title='bbox 314 3814 524 3895; x_wconf 66' lang='grc' dir='ltr'><em>Ἀπαγχομένην</em></span> <span class='ocrx_word' id='word_1_279' title='bbox 536 3822 601 3892; x_wconf 86' lang='lat' dir='ltr'><strong>quid</strong></span> <span class='ocrx_word' id='word_1_280' title='bbox 612 3823 664 3876; x_wconf 90' lang='lat' dir='ltr'><strong>sibi</strong></span> <span class='ocrx_word' id='word_1_281' title='bbox 674 3822 742 3875; x_wconf 85' lang='lat' dir='ltr'><strong>velle</strong></span> <span class='ocrx_word' id='word_1_282' title='bbox 755 3821 847 3876; x_wconf 87' lang='lat' dir='ltr'><strong>dicant</strong></span> <span class='ocrx_word' id='word_1_283' title='bbox 858 3823 1034 3890; x_wconf 88' lang='lat' dir='ltr'><strong>recentiores,</strong></span> <span class='ocrx_word' id='word_1_284' title='bbox 1047 3821 1175 3889; x_wconf 86' lang='lat' dir='ltr'><strong>exposuit</strong></span> <span class='ocrx_word' id='word_1_285' title='bbox 1188 3820 1407 3875; x_wconf 83' lang='lat' dir='ltr'><strong>Immerwahrius</strong></span> 
     </span>
     <span class='ocr_line' id='line_1_35' title="bbox 170 3898 1407 3976; baseline 0 -19"><span class='ocrx_word' id='word_1_286' title='bbox 170 3899 235 3959; x_wconf 81' lang='lat' dir='ltr'><strong>‘Die</strong></span> <span class='ocrx_word' id='word_1_287' title='bbox 252 3906 335 3960; x_wconf 87' lang='lat' dir='ltr'><strong>Kulte</strong></span> <span class='ocrx_word' id='word_1_288' title='bbox 353 3907 408 3961; x_wconf 92' lang='lat' dir='ltr'><strong>und</strong></span> <span class='ocrx_word' id='word_1_289' title='bbox 425 3905 539 3976; x_wconf 83' lang='lat' dir='ltr'><strong>Mythen</strong></span> <span class='ocrx_word' id='word_1_290' title='bbox 557 3901 721 3961; x_wconf 80' lang='lat' dir='ltr'><strong>Areadiens‘</strong></span> <span class='ocrx_word' id='word_1_291' title='bbox 739 3907 753 3960; x_wconf 94' lang='lat' dir='ltr'>I</span> <span class='ocrx_word' id='word_1_292' title='bbox 769 3923 798 3975; x_wconf 93' lang='lat' dir='ltr'><strong>p.</strong></span> <span class='ocrx_word' id='word_1_293' title='bbox 815 3911 871 3961; x_wconf 77' lang='lat'><strong>159.</strong></span> <span class='ocrx_word' id='word_1_294' title='bbox 908 3907 994 3961; x_wconf 89' lang='lat' dir='ltr'><strong>Nobis</strong></span> <span class='ocrx_word' id='word_1_295' title='bbox 1019 3912 1046 3960; x_wconf 91' lang='lat' dir='ltr'><strong>et</strong></span> <span class='ocrx_word' id='word_1_296' title='bbox 1065 3905 1168 3959; x_wconf 90' lang='lat' dir='ltr'><strong>Helena</strong></span> <span class='ocrx_word' id='word_1_297' title='bbox 1186 3908 1214 3959; x_wconf 93' lang='lat' dir='ltr'><strong>et</strong></span> <span class='ocrx_word' id='word_1_298' title='bbox 1232 3905 1322 3959; x_wconf 86' lang='lat' dir='ltr'><strong>Diana</strong></span> <span class='ocrx_word' id='word_1_299' title='bbox 1334 3898 1407 3959; x_wconf 76' lang='lat' dir='ltr'><strong>‘sul-</strong></span> 
     </span>
     <span class='ocr_line' id='line_1_36' title="bbox 175 3983 1408 4060; baseline 0.002 -19"><span class='ocrx_word' id='word_1_300' title='bbox 175 3983 281 4044; x_wconf 86' lang='lat' dir='ltr'><strong>l&#39;oeata&#39;</strong></span> <span class='ocrx_word' id='word_1_301' title='bbox 304 3993 396 4046; x_wconf 84' lang='lat' dir='ltr'><strong>vocari</strong></span> <span class='ocrx_word' id='word_1_302' title='bbox 419 3992 526 4047; x_wconf 85' lang='lat' dir='ltr'><strong>videtur</strong></span> <span class='ocrx_word' id='word_1_303' title='bbox 546 3991 622 4057; x_wconf 92' lang='lat' dir='ltr'><strong>ideo,</strong></span> <span class='ocrx_word' id='word_1_304' title='bbox 648 3991 720 4060; x_wconf 91' lang='lat' dir='ltr'><strong>quod</strong></span> <span class='ocrx_word' id='word_1_305' title='bbox 740 3985 923 4046; x_wconf 87' lang='lat' dir='ltr'><strong>‘suffocatrix&#39;</strong></span> <span class='ocrx_word' id='word_1_306' title='bbox 951 3996 1066 4059; x_wconf 90' lang='lat' dir='ltr'><strong>utraque</strong></span> <span class='ocrx_word' id='word_1_307' title='bbox 1090 3991 1260 4045; x_wconf 89' lang='lat' dir='ltr'><strong>credebatur.</strong></span> <span class='ocrx_word' id='word_1_308' title='bbox 1297 3991 1408 4045; x_wconf 85' lang='lat' dir='ltr'><strong>Erravit</strong></span> 
     </span>
     <span class='ocr_line' id='line_1_37' title="bbox 174 4075 469 4131; baseline 0.003 -2"><span class='ocrx_word' id='word_1_309' title='bbox 174 4075 390 4131; x_wconf 86' lang='lat' dir='ltr'><strong>Immerwahrius</strong></span> <span class='ocrx_word' id='word_1_310' title='bbox 407 4076 425 4130; x_wconf 92' lang='lat' dir='ltr'><strong>l.</strong></span> <span class='ocrx_word' id='word_1_311' title='bbox 446 4093 469 4130; x_wconf 89' lang='lat' dir='ltr'><strong>c.</strong></span> 
     </span>
    </p>

    <p class='ocr_par' dir='ltr' id='par_1_10' title="bbox 266 4155 1408 4231">
     <span class='ocr_line' id='line_1_38' title="bbox 266 4155 1408 4231; baseline -0.002 -15"><span class='ocrx_word' id='word_1_312' title='bbox 266 4162 297 4226; x_wconf 72' lang='lat'><strong>¹⁴)</strong></span> <span class='ocrx_word' id='word_1_313' title='bbox 309 4155 502 4228; x_wconf 75' lang='lat' dir='ltr'><strong>‘Quaestiones</strong></span> <span class='ocrx_word' id='word_1_314' title='bbox 519 4155 736 4216; x_wconf 83' lang='lat' dir='ltr'><strong>Phaethonteae&#39;</strong></span> <span class='ocrx_word' id='word_1_315' title='bbox 759 4180 786 4231; x_wconf 93' lang='lat' dir='ltr'><strong>p.</strong></span> <span class='ocrx_word' id='word_1_316' title='bbox 800 4166 879 4231; x_wconf 83' lang='lat' dir='ltr'><strong>65sq.</strong></span> <span class='ocrx_word' id='word_1_317' title='bbox 916 4163 961 4217; x_wconf 85' lang='lat' dir='ltr'><strong>Sol</strong></span> <span class='ocrx_word' id='word_1_318' title='bbox 979 4161 1159 4216; x_wconf 83' lang='lat' dir='ltr'><strong>Phaethontis</strong></span> <span class='ocrx_word' id='word_1_319' title='bbox 1183 4163 1263 4230; x_wconf 87' lang='lat' dir='ltr'><strong>pater</strong></span> <span class='ocrx_word' id='word_1_320' title='bbox 1284 4159 1408 4215; x_wconf 90' lang='lat' dir='ltr'><strong>Rhodius</strong></span> 
     </span>
    </p>
   </div>
   <div class='ocr_carea' id='block_1_8' title="bbox 75 4242 1407 4317">
    <p class='ocr_par' dir='ltr' id='par_1_11' title="bbox 75 4242 1407 4317">
     <span class='ocr_line' id='line_1_39' title="bbox 75 4242 1407 4317; baseline 0.002 -22"><span class='ocrx_word' id='word_1_321' title='bbox 75 4313 77 4317; x_wconf 6' lang='grc' dir='ltr'><strong>ἲ</strong></span> <span class='ocrx_word' id='word_1_322' title='bbox 175 4243 283 4298; x_wconf 84' lang='lat' dir='ltr'><strong>videtur</strong></span> <span class='ocrx_word' id='word_1_323' title='bbox 300 4261 368 4301; x_wconf 87' lang='lat' dir='ltr'><strong>esse.</strong></span> <span class='ocrx_word' id='word_1_324' title='bbox 405 4248 501 4316; x_wconf 89' lang='lat' dir='ltr'><strong>Itaque</strong></span> <span class='ocrx_word' id='word_1_325' title='bbox 518 4247 692 4316; x_wconf 85' lang='lat' dir='ltr'><strong>Apollonium</strong></span> <span class='ocrx_word' id='word_1_326' title='bbox 705 4242 805 4304; x_wconf 84' lang='grc' dir='ltr'><em>Ῥόδον</em></span> <span class='ocrx_word' id='word_1_327' title='bbox 821 4251 915 4305; x_wconf 69' lang='grc' dir='ltr'><em>κτίσιν</em></span> <span class='ocrx_word' id='word_1_328' title='bbox 932 4248 1054 4302; x_wconf 86' lang='lat' dir='ltr'><strong>versibus</strong></span> <span class='ocrx_word' id='word_1_329' title='bbox 1073 4245 1222 4300; x_wconf 86' lang='lat' dir='ltr'><strong>confecisse</strong></span> <span class='ocrx_word' id='word_1_330' title='bbox 1239 4247 1268 4298; x_wconf 93' lang='lat' dir='ltr'><strong>in</strong></span> <span class='ocrx_word' id='word_1_331' title='bbox 1285 4255 1407 4314; x_wconf 89' lang='lat' dir='ltr'><strong>tempore</strong></span> 
     </span>
    </p>
   </div>
   <div class='ocr_carea' id='block_1_9' title="bbox 175 4328 487 4388">
    <p class='ocr_par' dir='ltr' id='par_1_12' title="bbox 175 4328 487 4388">
     <span class='ocr_line' id='line_1_40' title="bbox 175 4328 487 4388; baseline 0.019 -6"><span class='ocrx_word' id='word_1_332' title='bbox 175 4328 292 4385; x_wconf 85' lang='lat' dir='ltr'><strong>fortasse</strong></span> <span class='ocrx_word' id='word_1_333' title='bbox 311 4334 487 4388; x_wconf 87' lang='lat' dir='ltr'><strong>meminimus.</strong></span> 
     </span>
    </p>
   </div>
   <div class='ocr_carea' id='block_1_10' title="bbox 0 0 1599 5160">
    <p class='ocr_par' dir='ltr' id='par_1_13' title="bbox 0 0 1599 5160">
     <span class='ocr_line' id='line_1_41' title="bbox 0 0 1599 5160; baseline 0 0"><span class='ocrx_word' id='word_1_334' title='bbox 0 0 1599 5160; x_wconf 95' lang='lat' dir='ltr'><strong> </strong></span> 
     </span>
    </p>
   </div>
  </div>
 </body>
</html>
