3174 5160
492 689 737 793 Epimetrum
757 691 810 773 11:
837 691 889 773 Du
915 689 1078 774 Rhiuuo.

255 865 429 944 Postquam
458 881 522 926 non
546 863 763 928 Alexandriae
793 863 851 929 sed
880 864 967 945 apud
991 863 1075 929 Coos
1099 861 1260 928 Rhianum
1288 864 1406 931 studiis

170 986 305 1032 vacasse
318 969 515 1047 compertum
532 973 590 1042 est,
607 964 709 1030 omnis
726 965 822 1030 simul
838 984 937 1030 eausa
948 966 1041 1030 nohis
1054 966 1182 1031 sublata
1193 965 1331 1049 videtur,
1349 987 1407 1033 eur

171 1070 242 1151 quis
250 1065 410 1131 Rhianum
420 1070 452 1130 et
463 1067 606 1130 earmina
617 1066 798 1132 suaseoisse
811 1073 842 1131 at
854 1067 1028 1132 editionem
1040 1066 1247 1133 Homericam
1259 1069 1404 1133 Alexan-

170 1170 260 1235 driae
282 1168 467 1234 existimare
490 1186 562 1231 oum
579 1168 740 1234 Meinehio
766 1174 890 1251 pergat.
928 1169 992 1234 Ubi
1008 1169 1130 1251 feeerit,
1154 1169 1407 1256 dissimulamur,

170 1271 232 1336 nisi
254 1270 433 1350 argumenti
456 1269 533 1351 quid
551 1262 880 1335 e‘Messeniaoorum'
899 1270 981 1334 forte
1003 1271 1137 1336 oonsilio
1157 1272 1219 1336 erit
1234 1292 1406 1356 capessen-

173 1373 258 1437 dum.
297 1372 361 1437 Ubi
385 1373 536 1453 quoniam
560 1371 602 1437 de
624 1373 720 1437 rebus
743 1371 934 1453 quibusdam
956 1371 1093 1437 Rhodiis
1118 1372 1279 1439 Rhianum
1300 1375 1409 1457 liquet

170 1474 405 1556 exposuisse¹)‚
429 1473 597 1539 verissime
620 1474 654 1538 id
677 1494 748 1540 oum
771 1474 945 1557 praecipua
970 1475 1182 1540 Aristomenis
1205 1477 1237 1540 in
1262 1477 1409 1542 carmine

169 1596 308 1660 persona
330 1596 402 1641 oum
425 1577 482 1640 alii
504 1584 570 1640 tum
588 1575 768 1640 Meinehius
792 1576 957 1658 copulavit
979 1581 1011 1639 et
1033 1574 1075 1639 ad
1098 1575 1259 1641 Rhianum
1282 1576 1408 1642 rettulit

170 1676 394 1745 Pausanianae
409 1678 601 1743 narrationis
618 1679 738 1742 exitum
755 1677 800 1741 IV
817 1681 872 1741 24:
891 1674 1090 1761 ,Δαμαγήτῳ
1114 1676 1151 1742 δὲ
1169 1672 1282 1763 Ῥοδίῳ
1303 1682 1406 1760 βασι-

172 1779 303 1845 λεύοντι
326 1771 520 1863 ένἸαλοσηῖ,
543 1776 621 1844 τότε
646 1776 681 1842 δὲ
696 1770 809 1863 ἥκοντι
826 1775 919 1861 παρὰ
943 1775 1002 1843 τόν
1017 1771 1217 1844 Ἀπόλλωνα
1239 1781 1296 1844 καὶ
1319 1777 1405 1865 ἐρω-

169 1884 287 1962 τῶντι,
311 1876 444 1946 ὁπόθεν
475 1873 665 1964 ἀγαγέσθαι
685 1880 746 1965 χρή
770 1893 923 1965 γυναῖκα,
948 1879 1083 1967 έχρησεν
1105 1876 1125 1968 ή
1151 1886 1271 1946 Πυθία
1294 1887 1421 1970 θυγα-1

168 1988 248 2069 τέρα
272 1976 393 2066 ἀνδρὸς
414 1986 481 2048 τῶν
501 1978 661 2069 Ἑλλήνων
693 1986 749 2047 τοῦ
773 1976 911 2067 ἀρίστου
942 1984 1066 2065 λαβεῖν.
1112 1981 1130 2049 ὃ
1155 1983 1191 2048 dd
1214 2019 1255 2028 —
1277 1968 1318 2069 ἦν
1339 1982 1405 2070 γάρ

125 2087 128 2091 ’
168 2087 225 2150 καὶ
254 2090 349 2171 τρίτη
373 2077 601 2167 Ἀριστομένει
630 2083 781 2171 θυγάτηρ
805 2121 842 2130 -
868 2097 968 2169 γαμεῖ
989 2083 1129 2171 ταύτην,
1153 2080 1314 2173 Ἑλλήνιον
1338 2088 1407 2152 τῶν

168 2188 247 2253 τότε
277 2186 401 2253 ἐκεῖνον
429 2190 545 2271 μακρή]
576 2185 614 2274 δή
644 2212 711 2252 τινι
742 2181 879 2270 άριστον
909 2184 1061 2268 νομίζων.
1108 2179 1345 2274 Ἀριστομένης
1368 2187 1406 2252 δὲ

171 2289 203 2367 ές
225 2290 286 2372 μὲν
308 2287 368 2377 τήν
387 2286 496 2355 Ῥόδον
527 2281 667 2375 άφίκετο
699 2285 757 2353 σόν
780 2291 821 2375 τῇ
843 2292 989 2374 θυγατρί
1011 2340 1019 2353 .
1044 2339 1051 2354 .
1076 2338 1083 2352 .
1107 2288 1343 2375 τελευτήσαντι
1367 2289 1404 2354 δὲ

171 2386 262 2478 αὕτη]
285 2391 488 2479 Δαμάγητος
511 2393 565 2456 καὶ
590 2391 623 2455 οἱ
643 2385 764 2456 Ῥόδιοι
784 2384 896 2478 μνήμά
919 2414 956 2455 τε
972 2388 1137 2477 ἐπιφανὲς
1160 2388 1325 2478 ἐποίησαν
1347 2393 1404 2457 καὶ

170 2495 286 2578 ἔνεμον
310 2489 377 2558 άπὸ
402 2493 527 2559 ἐκείνου
549 2492 659 2574 τιμάς.
704 2490 747 2557 τά
776 2493 837 2574 μὲν
860 2492 899 2580 δή
932 2491 1092 2578 λεγόμενα
1117 2491 1150 2569 ές
1172 2491 1250 2571 τοὺς
1273 2498 1404 2577 Διαγο-

170 2596 265 2680 ρέόας
287 2597 509 2676 καλουμένους
532 2592 565 2658 έν
585 2589 695 2679 Ῥόδῳ,
718 2593 894 2678 γεγονότας
916 2589 1036 2660 rihdrud
1054 2589 1224 2680 Διαγόρου
1247 2597 1307 2661 τοῦ
1330 2599 1404 2660 Δα-

169 2697 317 2784 μαγήτου
339 2700 399 2761 τοῦ
420 2701 581 2781 Δωριέως
607 2700 668 2761 τοῦ
690 2695 893 2782 Δαμαγήτου
922 2721 959 2761 τε
980 2700 1036 2763 καλ
1066 2701 1125 2784 τῆς
1146 2691 1406 2780 Ἀριστομένους

171 2798 352 2885 θυγατρός,
376 2802 521 2885 παρήκα,
543 2796 588 2882 μή
614 2791 652 2863 οὗ
668 2795 752 2862 κατὰ
768 2797 883 2881 καιρόν
901 2798 1034 2885 δοκοέήν
1057 2798 1199 2885 γράφειν
1222 2804 1319 2884 (quae
1343 2800 1414 2867 hoc*

169 2906 242 2970 loeo
265 2904 442 2969 Pausanias
465 2904 588 2985 omisit,
613 2921 652 2967 ea
676 2922 717 2967 ex
739 2909 831 2985 parte
854 2903 932 2967 VI7
956 2905 1110 2980 inseruit).
1148 2901 1271 2982 Quodsi
1294 2902 1405 2968 Rhodi

169 3013 329 3073 mortuum
352 3004 682 3071 esse'Aristomenem
705 3005 807 3069 voluit
829 3003 988 3088 Rhiauus,
1013 3012 1062 3071 est
1084 3006 1300 3087 manifestum,
1324 3005 1405 3087 quid

170 3109 211 3174 de
234 3109 337 3174 altera
364 3106 545 3171 traditionis
568 3106 811 3172 Aristomeneae
840 3107 1092 3173 conformatione
1123 3107 1209 3172 idem
1239 3108 1296 3174 ille
1320 3107 1404 3173 iudi·

171 3211 294 3277 caverit
317 3207 427 3291 steph.
451 3228 475 3272 s.
493 3228 523 3272 v.
548 3199 718 3294 Άνόανέα]
743 3258 750 3271 .
775 3258 782 3271 .
807 3204 841 3271 ἐκ
862 3207 984 3294 ταύτης
1005 3201 1242 3293 Ἀριστομένης
1265 3206 1404 3294 ἐγένετο,

171 3309 440 3395 ἐπιφανέστατος
470 3306 663 3396 στρατηγός.
716 3311 835 3373 τοῦτον
868 3310 900 3374 οἱ
934 3307 1205 3392 Λακεδαιμόνιοι
1240 3309 1405 3388 πολλάκις

171 3405 292 3487 αὐτοὺς
308 3409 487 3492 νικήσαντα
502 3409 751 3493 θαυμάσαντες,
777 3405 823 3488 ὡς
845 3409 943 3492 μόλις
959 3410 1143 3497 ἐκράτησαν
1167 3409 1200 3476 ἒν
1216 3426 1288 3489 τοῖς
1304 3418 1404 3478 Μεσ-

170 3525 355 3598 σήνιοικοῖς,
380 3504 600 3594 ἀνατεμόντες
623 3510 804 3592 ἐσκόπουν,
829 3511 859 3577 εἰ
881 3510 975 3596 παρὰ
998 3511 1077 3591 τοὺς
1100 3512 1242 3590 λοιπούς
1265 3511 1337 3579 ἐστέ
1358 3540 1403 3592 τι,

169 3620 225 3682 καὶ
249 3609 344 3698 εὗρον
368 3612 558 3698 σπλάγχνον
587 3611 827 3700 ἐξηλλαγμένον
852 3616 907 3678 καὶ
931 3611 992 3700 τήν
1014 3615 1153 3698 καρόέαν
1178 3615 1332 3694 δασεῖαν,
1357 3611 1404 3694 ὦς

167 3713 345 3802 Ἡρόδοτος
368 3716 424 3779 καὶ
440 3713 655 3800 Πλούταρχος
670 3718 724 3780 καὶ
737 3711 864 3792 Ῥιανός
880 3718 1043 3792 (Mainake
1058 3739 1090 3802 p.
1105 3723 1265 3802 195sqq.).
1304 3721 1405 3787 Nulla

170 3840 248 3886 vero
271 3821 338 3885 alia
361 3819 402 3884 de
432 3839 530 3884 eausa
553 3820 689 3883 alterum
717 3820 798 3884 illud
822 3838 1016 3885 memorasse
1039 3819 1217 3905 Rhianum,
1248 3841 1346 3903 quam
1368 3831 1405 3888 ut

170 3921 205 3986 id
233 3921 350 3986 falsum
373 3940 444 3986 esse
468 3919 607 3991 doceret,
638 3921 751 3985 merito
785 3922 922 3987 eunieoit
949 3921 1097 3988 Naehius
1125 3924 1225 4006 (apud
1256 3923 1403 3990 Saulium

170 4016 303 4088 ‘Rhiani
326 4042 410 4105 quae
425 4011 621 4105 supersunt',
645 4020 778 4088 Bonnae
796 4024 887 4105 1831,
911 4043 942 4106 p.
960 4026 1023 4101 29).
1060 4024 1159 4091 Cuius
1174 4026 1354 4104 interfuerit
1375 4028 1403 4092 si

171 4127 364 4208 quaerimus,
388 4126 527 4189 refutata
549 4124 590 4188 de
606 4124 712 4190 occiso
729 4125 932 4192 Aristomene
952 4119 1099 4192 ‘fabella'
1125 4127 1167 4192 ad
1184 4126 1333 4192 Rhodum
1356 4128 1403 4193 in·

258 4310 276 4372 ¹)
295 4308 386 4376 Steph.
406 4325 427 4363 s.
440 4324 464 4361 v.
483 4302 654 4380 Ἀταβύριον.
