3174 5160
171 339 232 399 362
711 341 862 395 ARATEA

169 516 305 604 putavit,
322 515 349 579 si
365 515 495 597 quidem
512 515 684 579 invitum
700 514 935 582 obdormivisse
947 514 1114 581 Canobum
1129 521 1214 582 tacet
1229 516 1403 582 Nicander.

168 623 238 688 Neo
260 615 452 702 superfluum
480 624 537 681 aut
564 617 637 680 leve
659 616 693 681 id
723 637 890 683 censemus
912 616 1035 682 Gauobi
1064 624 1156 700 geste
1184 619 1403 702 persequenti,

170 729 287 807 poetae
303 719 501 801 praesertim,
526 719 581 800 qui
603 717 685 782 illud
700 718 877 785 theriacum
893 724 1069 784 sectaretur
1091 739 1154 784 non
1170 721 1272 804 ipsius
1296 739 1403 801 causa,

171 832 207 890 ut
229 822 392 888 Nicander
416 821 501 902 fecit,
525 819 582 885 sed
607 838 679 884 eum
701 819 742 884 ad
764 820 870 903 finem,
894 840 934 885 ne
957 821 1069 885 mortis
1085 819 1209 887 canoni
1232 843 1331 889 causa
1352 842 1403 888 ac·

172 933 281 992 curate
305 922 467 1005 descripta
488 922 711 1004 requireretur.
750 921 813 1000 Qui
835 923 862 988 si
885 923 1004 988 invitus
1027 922 1060 986 in
1082 923 1190 988 littore
1213 924 1299 1007 cepit
1322 944 1403 989 som·

173 1049 259 1110 uum,
283 1025 413 1108 negotio
429 1025 548 1106 aliquo,
573 1024 658 1106 quod
681 1026 714 1089 in
731 1026 976 1107 gubernatorem
994 1025 1175 1108 conveniat,
1193 1025 1405 1108 defatigatum

172 1130 381 1195 arbitramur:
411 1127 597 1191 Palinurum
626 1127 722 1192 modo
752 1127 887 1208 Vergilii
916 1127 1130 1192 reminiscere.
1175 1128 1269 1210 Fingi
1298 1135 1405 1193 mente

173 1232 267 1316 plura
289 1235 437 1313 possunt:
467 1227 649 1294 reficiendis
672 1228 804 1293 navium
827 1229 975 1294 fracturis
999 1236 1189 1312 occupatum
1212 1249 1299 1295 novo
1323 1230 1406 1294 iufra

58 1379 63 1385 ·
174 1333 357 1399 testimonio
381 1350 489 1397 sumus
513 1332 681 1413 cognituri.
726 1331 891 1413 Denique,
920 1351 961 1396 ue
990 1331 1129 1414 amplius
1158 1331 1236 1415 quid
1266 1333 1405 1410 dubites,

175 1437 208 1501 in
231 1435 367 1501 eandem
391 1436 504 1498 iterum
528 1440 624 1514 atque
647 1433 777 1515 saepius
793 1434 964 1499 incidimus
981 1431 1191 1514 historiolam,
1214 1434 1272 1500 sed
1296 1436 1404 1518 eopio-

174 1540 241 1604 sius
275 1542 470 1619 excerptam.
515 1537 599 1600 Ecce
628 1536 716 1601 Ceno
748 1535 855 1601 Photii
878 1537 954 1600 Vlll
985 1540 1053 1619 p.8
1088 1537 1239 1602 editionis
1272 1538 1405 1604 Hoeferi

173 1639 309 1724 (Gryph.
330 1641 437 1714 leuci:

677 1737 840 1821 Κάνωβος
862 1729 882 1823 ἢ
907 1740 1044 1825 Θεονόη.

328 1837 347 1929 ἡ
372 1836 472 1928 ὀγδόη
497 1842 660 1928 διηγεῖται
682 1838 723 1906 τά
747 1844 827 1922 περὶ
842 1845 1010 1926 Πρωτέως
1031 1846 1091 1906 τοῦ
1106 1841 1302 1926 Αἰγυπτίου
1324 1841 1406 1924 μάν·

328 1968 420 2023 recog,
445 1938 482 2007 οὗ
506 1939 525 2031 ἡ
549 1943 699 2031 θυγάτηρ
731 1942 857 2030 Θεονόη
888 1942 1073 2026 ἐρασθεῖσα
1103 1943 1266 2027 Κανώβου
1296 1929 1347 2029 (ἧν
1371 1937 1403 2009 d'

329 2040 426 2122 οὗτος
441 2045 638 2135 κυβερνήτης
649 2045 827 2111 Μενελάου
843 2049 903 2111 τοῦ
914 2039 1067 2126 Ἀτρέως)
1084 2039 1318 2131 ἀποτυγχάνει.
1350 2049 1406 2112 καὶ

329 2144 375 2225 οἷς
399 2145 415 2215 ὁ
434 2149 596 2232 Κάνωβος
618 2148 718 2225 καλὸς
740 2150 793 2213 καὶ
819 2153 892 2224 νέος
914 2141 1120 2231 ἀπαίροντος
1135 2147 1314 2214 Μενελάου
1338 2141 1403 2214 άπ)

330 2250 509 2336 Αἰγύπτου
536 2254 592 2315 καὶ
617 2247 744 2337 Ἑλένης
771 2253 826 2315 καὶ
855 2254 1179 2335 προσορμισαμένων
1207 2253 1248 2338 τῇ
1275 2253 1316 2338 γῇ
1331 2247 1406 2325 Ιὑπὸ

329 2350 457 2440 ἐχίδνης
473 2353 610 2438 δηχθείς
633 2355 687 2417 καὶ
710 2355 832 2429 σαπεὶς
854 2351 891 2417 τὸ
910 2354 1025 2428 σκέλος
1046 2345 1120 2434 μετ’
1148 2345 1186 2418 οὗ
1209 2351 1297 2418 πολὺ
1320 2352 1408 2439 dvj-

332 2476 412 2519 σκει.
450 2458 506 2520 καὶ
521 2456 698 2530 Μενέλαος
720 2456 775 2518 καὶ
795 2449 903 2541 Ἑλένη
920 2453 1113 2520 θάπτουσιν
1129 2448 1231 2520 αὐτὸν
1253 2448 1310 2520 ἐπ’
1338 2455 1409 2521 At-

329 2555 471 2639 γάπτου,
503 2552 541 2620 οὗ
571 2560 627 2622 νῦν
658 2556 833 2638 ἐπώνυμος
862 2551 1003 2640 η’ίκισται
1026 2556 1137 2633 πόλις.
1181 2560 1237 2624 καὶ
1260 2560 1326 2623 τῶν
1348 2561 1409 2623 τοῦ

333 2661 455 2724 Νείλου
479 2657 656 2741 στομάτων
677 2657 715 2723 τὸ
739 2661 929 2723 τελευταῖον
953 2653 1150 2742 ὁΚάνωβος
1173 2649 1409 2743 ἢΚοινωβικὸν

330 2758 364 2824 ἐκ
386 2763 445 2824 τοῦ
467 2759 667 2848 κυβερνήτου
689 2758 749 2847 τὴν
772 2753 958 2842 ὀνομασίαν
982 2759 1077 2826 ἕλκει.

178 2864 344 2946 Apollonii
359 2865 492 2929 carmini
516 2871 683 2947 utramque
698 2864 900 2932 vindicamus
916 2867 1059 2948 eclogam
1084 2885 1122 2930 eo
1137 2866 1300 2948 libentius,
1322 2864 1411 2948 quod

178 2978 210 3033 et
232 2966 349 3042 Gon0³l
373 2975 406 3031 et
427 2967 583 3032 Nicandri
605 2968 762 3050 interpres
791 2967 927 3031 aliorum
950 2968 1116 3050 Apollonii
1139 2968 1315 3034 carminum
1339 2968 1409 3034 sive

176 3076 366 3151 argumenta
387 3070 458 3134 sive
473 3069 654 3151 fragmenta
669 3069 832 3135 exhibent.
864 3067 1029 3134 Canobum
1046 3071 1143 3152 igitur
1158 3071 1409 3153 Apolloniunum

179 3171 334 3236 Theonoe
346 3171 456 3236 Protei
467 3170 535 3235 filia
546 3171 721 3236 adamavit.
745 3171 839 3250 Quod
852 3173 1011 3237 eredimus
1028 3178 1139 3236 contra
1150 3171 1304 3237 disertum
1318 3173 1409 3238 Euri·

177 3273 263 3357 pidis
279 3274 499 3338 testimonium
520 3293 584 3338 uon
600 3275 670 3338 siue
686 3275 821 3340 oonsilio
843 3275 987 3357 potuisse
1004 3274 1139 3355 obverti,
1164 3273 1219 3356 qui
1232 3265 1406 3345 ‘Helenae'

178 3378 387 3457 v.1006sqq.
411 3374 599 3440 Theonoam
622 3376 726 3458 ipsam
751 3374 832 3442 haec
854 3375 1014 3441 dicentem
1037 3375 1174 3441 inducit:

815 3489 834 3580 ἦ
858 3487 990 3576 Κύπρις
1013 3485 1044 3556 δ’
1072 3490 1147 3575 έμοί

427 3594 526 3671 ἵλεως
548 3595 608 3677 μὲν
631 3595 692 3683 ε’ίη,
717 3601 899 3683 συμβέβηκε
922 3590 955 3660 d’
983 3588 1146 3675 οὐδαμοῦ·

426 3696 634 3780 πειράσομαι
658 3698 694 3762 δὲ
717 3703 891 3781 παρθένος
912 3701 1023 3780 μένειν
1046 3692 1139 3775 ded).

180 3801 312 3865 Amavit
335 3801 452 3865 frustra
474 3800 639 3882 Theonoe,
664 3803 717 3867 vel
739 3803 902 3884 potius-
919 3802 1036 3866 acriter
1058 3802 1086 3866 si
1109 3801 1253 3865 intueare
1269 3799 1410 3867 Cononis

179 3903 336 3967 verba-
352 3902 425 3968 tulit
439 3904 602 3986 repulsam
618 3895 873 3987 (ἀποτυγχάνει).
912 3902 1061 3969 Numinis
1077 3902 1174 3984 igitur
1189 3902 1242 3966 vel
1265 3901 1410 3968 mulieris

267 4139 287 4199 ⁶)
306 4137 421 4191 Knaack
442 4131 650 4192 ‘Callimacbca’
675 4137 778 4205 (Progr.
803 4139 829 4192 d.
854 4135 1121 4205 lilarienstiftsgymu.
1149 4153 1183 4190 zu
1207 4136 1316 4203 stettin)
1343 4141 1408 4192 test

179 4237 206 4289 p.
224 4225 335 4287 14-163
354 4222 467 4277 Hermes
488 4227 552 4276 1888
571 4239 598 4291 p.
614 4227 671 4278 141.

266 4306 286 4370 ⁰)
308 4306 423 4361 Ultimus
441 4307 591 4362 versiculus
609 4324 660 4377 pro
677 4307 769 4376 spurio
788 4308 884 4362 baberi
901 4307 978 4362 solet.
