3174 5160
433 354 468 408 ΙΙ.
486 353 537 407 DE
555 354 670 409 ARATI
688 354 820 411 CODIOE
839 357 1082 414 HIPPARCHEO.
1332 363 1372 422 99

141 523 315 610 Παρθένῳ
338 539 455 606 κεῖται,·
479 524 567 613 πλὴν
596 519 676 594 ὅσον
699 524 715 599 ὁ
741 528 848 607 δεξιὸς
876 516 967 613 ὦμος
989 532 1043 596 καί
1066 526 1085 615 ἡ
1110 529 1202 609 δεξιὰ
1223 533 1295 616 χεὶρ
1318 537 1371 599 καὶ

139 624 183 690 τὰ
207 624 407 712 έμπρόσθια
430 627 527 716 σκέλη
544 636 602 695 τού
617 622 741 698 Ἵππου
764 627 831 698 ὑπὸ
854 631 915 709 τὰς
930 631 1047 719 Χηλὰς
1062 632 1230 699 τέτακται.
1268 630 1285 700 ὁ
1309 633 1371 720 γὰρ

87 740 116 789 25
139 726 305 811 ἑπόμενος
338 728 486 812 μάλιστα
514 734 580 796 τῶν
609 729 644 796 έν
672 736 717 819 τῇ
748 735 875 821 κεφαλῇ
905 727 1008 823 ἀστὴρ
1045 733 1156 816 έπέχει
1188 735 1372 821 Παρθένου

139 836 262 916 μοίρας
284 831 356 912 κθ’,
386 827 403 899 ὁ
429 832 465 917 δέ
495 831 553 900 ἐπὶ
575 836 635 899 τοῦ
658 833 769 912 δεξιοῦ
792 831 884 919 ὤμου
907 833 1019 917 ἐπίχει
1041 839 1164 923 Χηλῶν
1187 844 1308 923 μοίρας
1330 837 1371 919 ζ’,

140 927 157 997 ὁ
182 933 218 999 δὲ
242 932 441 1018 νοτιιύτερος
461 937 528 1000 τῶν
551 933 584 1002 έν
599 948 671 1014 τοῖς
686 930 866 1014 ὀπισθίοις
889 931 1039 1004 σκέλεσιν
1055 932 1174 1020 ἀπέχει
1190 940 1371 1025 Παρθένου
1392 998 1402 1010 ,

140 1037 220 1119 περὶ
241 1040 365 1121 μοίρας
388 1036 444 1121 ιγ’.
482 1040 556 1114 πῶς
584 1024 643 1105 σύν
665 1038 821 1120 δυνατόν,
851 1038 893 1105 τά
915 1040 975 1124 μέν
998 1033 1101 1124 ὅμοια
1123 1044 1172 1126 τῷ
1195 1035 1370 1129 ἀνθρώπῳ

139 1136 221 1224 μέρη
246 1141 306 1205 τοῦ
329 1138 518 1225 Κενταύρου
541 1136 609 1207 tad
634 1145 682 1226 τῳ
704 1148 862 1228 Σκορπίῳ
884 1147 1031 1223 κεῖσθαι,
1054 1140 1095 1208 τά
1120 1135 1152 1207 δ’
1179 1143 1371 1229 ἱππούραια
1460 1137 1462 1140 ⁴

91 1253 117 1301 ³0
138 1234 204 1305 ἀπὸ
229 1232 304 1318 ταῖς
327 1243 476 1329 Χηλαῑς;
507 1243 733 1327 παραπέμπει
756 1243 792 1311 δέ
820 1247 876 1311 καὶ
905 1248 1004 1311 τοῦτο
1028 1241 1227 1323 ὁἍτταλος
1251 1250 1299 1327 (fr.
1319 1253 1368 1325 19)

139 1337 185 1419 ὡς
208 1328 244 1408 εὗ
268 1343 437 1432 εἰρηκότος
460 1339 570 1412 αὐτοῦ.
611 1385 614 1388 «

225 1482 258 1532 29
276 1478 347 1536 dela
370 1481 379 1546 ΙΙ
402 1483 432 1532 31
453 1472 493 1545 ὡς
514 1472 671 1553 εύρηκότος
688 1481 720 1534 L.

225 1651 263 1716 V.
280 1654 339 1716 431
370 1676 451 1718 «κεν»
473 1654 670 1739 Marcianus,
699 1678 778 1718 «τοι»
809 1657 907 1721 multo
929 1655 973 1721 ad
1000 1656 1131 1740 linguae
1154 1656 1367 1739 integritatem

142 1755 258 1820 rectius
269 1753 487 1839 Hipparchus,
512 1757 571 1822 etsi
587 1757 703 1823 falsum
719 1757 800 1822 illud
820 1777 861 1822 ex
877 1758 1054 1824 imitatione
1071 1759 1243 1824 Homeiica
1265 1767 1368 1826 ortum

142 1875 211 1923 essc
234 1864 350 1940 potest,
367 1859 457 1923 velut
478 1859 516 1923 ll.
532 1858 580 1923 IX
596 1863 658 1922 445
682 1849 754 1923 οὐδ’
781 1856 814 1922 εί
832 1882 887 1928 κεν
903 1851 1071 1945 ὑποσταίη
1087 1854 1171 1934 θεὸς
1186 1850 1286 1936 αὐτός
1302 1863 1368 1938 (ubi

140 1965 246 2024 tamen
258 1953 409 2045 ὑποσιήῃ
423 1962 576 2044 corrigas)
589 1962 716 2044 et‘quas
727 1963 888 2045 congessit
900 1955 1123 2045 Krueger‘Gr.
1136 1953 1364 2046 Sprachlshre'

141 2060 221 2124 112²
244 2062 360 2139 (Berol.
380 2065 478 2142 1859),
497 2084 529 2146 p.
549 2065 618 2127 108.
656 2064 720 2130 Res
743 2063 873 2128 incerta.

222 2163 260 2227 V.
277 2166 339 2228 433
355 2169 500 2250 «φαίνοι»
514 2166 711 2232 restituimus
734 2185 775 2231 ex
791 2166 831 2229 L:
853 2159 893 2231 ‘si
909 2166 1007 2230 faciat
1028 2186 1103 2247 uox,
1127 2172 1162 2230 ut
1176 2166 1368 2249 splendeant

140 2266 230 2348 signa
253 2260 396 2332 similia'.
428 2266 565 2347 «τεύχοι»
580 2268 770 2351 Marcianus,
795 2276 827 2333 et
849 2268 895 2333 ita
909 2267 1056 2332 Vaticani
1077 2269 1234 2350 scriptura
1249 2270 1366 2349 «τεῦχε»

141 2367 342 2434 emendanda
357 2377 414 2450 cst,
431 2390 625 2453 quamquam
640 2390 682 2435 nc
697 2369 758 2435 hoc
774 2369 903 2453 quidem
920 2370 1180 2452 aprobabilitate
1191 2370 1365 2437 abhorrere

139 2471 299 2553 reputanti
321 2477 473 2554 patescet.

222 2570 317 2649 Quod
340 2594 370 2638 v.
388 2577 449 2639 438
473 2564 603 2655 «χείλέ»
625 2594 684 2657 pro
701 2574 792 2639 varia
806 2574 943 2640 lectione
966 2573 1008 2639 ad
1031 2572 1172 2660 «Χηλαύ
1195 2572 1367 2658 adscripsit

139 2675 279 2741 secunda
300 2676 454 2743 Marciani
477 2697 607 2759 manus,
637 2684 748 2742 contra
770 2676 930 2759 triplicem
953 2675 1132 2760 Hipparchi
1155 2682 1187 2741 et
1210 2677 1311 2741 Attali
1335 2685 1367 2741 et

139 2777 292 2844 Marciani
314 2780 500 2845 societatem
523 2799 587 2844 non
610 2780 699 2845 valet
721 2777 832 2844 hilum.
869 2777 983 2859 Neque
999 2798 1138 2860 unquam
1160 2771 1215 2843 ‘dc
1238 2771 1364 2861 labris',

139 2881 195 2946 sed
214 2874 270 2946 ‘de
293 2872 468 2948 forficibus’
495 2883 667 2964 loquuntur
689 2879 874 2947 astronomi.

688 3067 811 3134 XXIX.

221 3190 237 3253 I
259 3209 289 3272 p.
307 3188 412 3252 200ss
435 3185 468 3252 έν
492 3186 528 3251 δὲ
549 3200 621 3264 τοῖς
644 3184 717 3275 ἑξῆς
740 3187 820 3268 περὶ
842 3187 900 3249 τοῦ
928 3181 1090 3260 Γαλαξίου
1112 3181 1228 3248 κύκλου
1258 3183 1363 3251 εἰπών

140 3285 308 3375 ἐπιφέρει,
338 3281 390 3355 ὅτι
419 3291 486 3354 τιῦν
514 3289 686 3375 τεσσάρων
714 3287 839 3354 κύκλιον
869 3284 927 3351 δύο
955 3285 1026 3351 ἰ’σοι
1049 3283 1149 3366 εἰσίν,
1179 3286 1212 3351 οἱ
1241 3286 1277 3351 δὲ
1304 3286 1362 3352 δύο

140 3391 254 3475 πολλῳ
278 3389 464 3473 ἐλάσσονες,
489 3394 591 3478 λέγων
614 3383 719 3469 ούτως
741 3397 784 3470 (v.
802 3393 998 3466 477-47at·

339 3497 389 3581 τῳ
413 3488 444 3559 δ’
470 3489 546 3581 ἤτοι
565 3493 681 3581 χροιὴν
703 3495 763 3578 μέν
786 3485 934 3577 ἀλίγκιος
957 3485 1066 3558 ούκέτι
1087 3489 1203 3568 κύκλος

107 3607 119 3653 ⁵
341 3597 492 3678 ὁινεῑται,
515 3595 556 3662 τὰ
580 3597 617 3662 δὲ
638 3601 743 3683 μέτρα
765 3594 863 3661 τόσοι
886 3592 1037 3679 πισύρων
1060 3618 1124 3679 περ
1148 3592 1270 3660 ἐόντων

339 3700 372 3765 οἱ
396 3699 471 3779 δύο,
495 3702 548 3765 τοὶ
572 3700 609 3765 δέ
631 3723 744 3786 σφεων
766 3703 850 3783 μέγα
872 3702 1002 3779 μείονες
1025 3696 1240 3763 εἱλίσσονται.

139 3791 195 3864 οὐκ
216 3823 251 3864 ευ
276 3800 312 3874 δέ
333 3827 392 3883 μοι
416 3802 506 3868 δοκεῖ
528 3803 687 3887 λέγεσθαι
710 3795 918 3879 οὐδὲτοῦτο,
941 3797 995 3864 ὅτι
1014 3795 1145 3882 (πολλῳ
1168 3788 1357 3873 ἐλάσσονές)

138 3900 221 3968 εἰσιν
246 3902 279 3968 οἱ
300 3906 454 3989 τροπικοὶ
478 3907 536 3970 τού
561 3903 752 3992 ίσημερινοῦ
775 3904 831 3967 καὶ
851 3905 911 3967 τού
933 3900 1111 3987 ζῳδιακοῦ·
1136 3898 1277 3965 ἔλασσον
1298 3895 1361 3983 γὰρ

137 3991 224 4090 ἢτῴ
249 4003 293 4070 ια’
316 4011 410 4090 μέρει
432 4008 607 4072 λείπονται
630 3999 748 4072 αύτών.

221 4159 237 4209 2
256 4152 367 4214 τούτων
378 4162 441 4213 ante
454 4154 511 4215 ίσοι
523 4158 576 4212 add
588 4158 650 4211 LV:
670 4158 753 4213 delevi
772 4159 781 4225 ΙΙ
801 4152 857 4213 ἶσοι
869 4158 919 4211 LV
931 4159 941 4224 ΙΙ
955 4160 969 4209 3
983 4150 1056 4211 πολὺ
1067 4155 1090 4207 L
1104 4155 1114 4222 ΙΙ
1127 4158 1143 4205 4
1154 4148 1184 4208 d'
1195 4149 1259 4226 ἤτοι
1271 4153 1309 4206 V:
1329 4148 1360 4224 δή

136 4261 180 4298 τοι
195 4242 228 4306 L,
247 4238 326 4314 δήιοι
344 4243 499 4299 Marcianus
512 4246 521 4312 ΙΙ
535 4237 587 4300 οὐκ
605 4239 681 4299 lau
696 4243 732 4311 1Ιὸ
751 4236 823 4313 παρ’
835 4243 911 4308 Vlss
930 4261 1011 4312 σφων
1027 4241 1051 4293 L
1071 4242 1081 4308 ΙΙ
1102 4258 1177 4311 μέγα
1193 4240 1312 4308 μείονος
1328 4236 1360 4303 L,
1448 4259 1452 4270 ·

135 4320 200 4399 μέγ’
218 4321 372 4396 ἀμείνονος
389 4330 423 4383 V.

1173 4412 1207 4464 7*

294 4465 303 4502 l
