3174 5160
508 357 543 412 X.
562 357 613 411 DE
632 359 831 414 APOLLONII
850 362 1003 417 CANOBO.
1313 362 1373 421 367

233 532 383 597 Canobus
406 531 565 597 nominari
597 532 691 596 steila
719 553 783 598 non
813 537 933 616 potuit,
963 544 1133 620 antequam
1162 535 1253 601 fluvii
1276 536 1375 617 sidus,

143 635 234 700 onius
255 635 322 725 illa
352 640 416 715 est,
445 633 539 698 Nilus
568 632 801 715 adpellaretur:
828 629 969 704 ‘Catast'
1001 658 1032 721 p.
1052 641 1110 702 178
1140 633 1375 701 dedecorandi

143 727 234 817 αέτηλ
256 735 313 798 καί
334 729 351 799 δ
376 732 579 816 καλούμενος
602 726 706 820 άστηρ
722 733 893 817 Κάνωβος,
917 736 954 814 δς
970 736 1088 823 ἐγγίζει
1110 742 1176 803 των
1199 738 1374 824 πηδαλίων

141 838 201 922 της
229 829 376 919 Ἀργοῦς.
419 833 540 900 τούτου
571 833 607 898 δὲ
637 827 732 900 οὐδὲν
760 831 882 921 άστρον
911 839 1097 924 καττίτερον
1126 847 1299 926 φαίνεται·
1323 836 1376 903 διδ

142 941 195 1003 καί
214 943 391 1021 Περίγειος
406 938 566 1002 καλεῖται.
605 935 671 1017 ἐχει
694 937 730 1002 δὲ
754 931 896 1025 ἀστέρας
913 991 920 1005 .
937 991 945 1007 .
961 992 969 1008 .
987 939 1045 1007 ἐπὶ
1067 945 1127 1030 τῆς
1149 948 1262 1029 τρίτης
1285 948 1379 1023 (καμ-

142 1041 221 1126 πῆς)
240 1037 303 1115 ἕως
317 1041 382 1102 τῶν
398 1037 544 1120 ἐσχάτων
561 1037 600 1118 ζ’,
626 1031 646 1103 ά
663 1063 767 1126 φασιν
784 1037 870 1106 εἶναι
891 1040 933 1106 τά
951 1042 1101 1125 στόματα
1125 1047 1185 1108 τοῦ
1200 1045 1324 1108 Νείλου
1335 1046 1375 1118 ¹¹).

142 1142 298 1208 Eudoxus
310 1163 374 1207 non
387 1142 495 1206 Nilum
512 1143 569 1208 sed
585 1143 736 1209 Fluvium
752 1143 941 1226 (Ποταμόν)
957 1167 1028 1212 eum
1045 1147 1126 1213 illud
1141 1148 1230 1213 sidus
1247 1151 1378 1211 voearet

144 1245 197 1323 (oi.
222 1265 292 1327 ουρ.
309 1243 393 1326 VII),
416 1264 456 1308 ne
477 1236 628 1310 ‘Ganobi'
655 1247 787 1328 quidem
804 1249 996 1330 cognovisse
1012 1249 1280 1331 significationem
1303 1268 1374 1314 oen·

144 1346 262 1413 sendus
292 1355 349 1412 est.
390 1346 443 1433 *Ao
473 1366 588 1429 reapse
614 1347 698 1412 dixit
720 1349 752 1412 in
775 1351 889 1431 eologa
912 1350 1020 1415 XLIX
1043 1370 1112 1433 oap.
1130 1351 1190 1415 VH
1213 1350 1376 1432 exscripta

142 1449 275 1533 proprio
307 1449 454 1513 nimirum
489 1449 617 1514 nomine
651 1450 835 1516 deficiente:
870 1445 907 1515 «ὁ
940 1449 975 1527 ἐξ
995 1450 1176 1535 Αἰγύπτου
1210 1447 1378 1532 ὁρώμενος

144 1543 278 1637 ἀστήρ».
323 1551 384 1615 Vel
412 1549 487 1615 hino
515 1552 734 1632 manifestum,
765 1553 851 1634 quod
880 1555 986 1620 eluoet
1014 1556 1112 1637 ultro,
1142 1554 1377 1637 AegypIIorum

145 1654 215 1719 sive
244 1654 387 1736 ipsorum
415 1653 484 1717 sive
513 1653 777 1734 graecissantium
807 1657 860 1720 vel
883 1656 1081 1722 Rhodiorum
1112 1658 1288 1721 solemnem
1318 1654 1377 1720 sed

144 1773 257 1820 reeens
280 1761 381 1820 ortam
404 1755 699 1821 denominationem
722 1758 929 1840 Apollonium
953 1759 1132 1841 excepisse.
1171 1756 1376 1822 Probabilius

147 1877 224 1929 vero
246 1863 393 1922 auctores
409 1857 553 1922 dioemus
569 1856 723 1939 Rhodios,
747 1859 773 1923 si
791 1859 921 1941 quidem
944 1880 1004 1942 per
1018 1859 1163 1926 Rhodios
1186 1860 1253 1925 fere
1277 1860 1376 1941 serip-

146 1966 232 2026 tores
254 1959 297 2025 ad
319 1965 464 2042 posteros
488 1978 604 2024 nomen
633 1960 714 2024 iilud
737 1968 949 2042 propagatum
974 1969 1037 2028 est:
1066 1962 1274 2046 Apollonium
1297 1960 1376 2042 Hip·

146 2060 301 2145 parohum
331 2061 549 2126 Posidonium.
595 2062 807 2126 Alexandrini
834 2055 1074 2143 (Πτολεμαῖον)
1107 2063 1214 2146 potins
1243 2083 1377 2128 vocasse

147 2164 274 2228 stellam
297 2163 461 2228 videntur:
485 2165 525 2229 of.
541 2162 642 2228 sohoI.
659 2165 807 2230 German.
824 2186 855 2247 p.
875 2169 935 2228 175
951 2165 1075 2248 Breys.‚
1091 2166 1236 2230 Martian.
1254 2164 1378 2248 Capell.

147 2265 224 2330 VIII
240 2266 301 2330 838
324 2287 354 2348 p.
373 2269 434 2329 310
451 2266 542 2349 Eyss.

233 2366 299 2433 Sed
322 2369 429 2432 insunt
451 2369 483 2430 iu
506 2368 704 2448 narratione,
735 2388 817 2450 qnae
839 2369 910 2450 ipse
933 2370 975 2435 de
1003 2389 1061 2436 suo
1084 2369 1283 2453 periolitatns
1307 2387 1377 2433 esse

145 2469 349 2535 iudicabitur.
394 2469 579 2552 Aegyptum
603 2469 760 2534 Helenam
791 2491 863 2536 eum
886 2471 1033 2537 Menelao
1055 2470 1175 2536 adiisse
1197 2475 1307 2535 notum
1330 2477 1379 2535 est

146 2593 189 2638 ex
212 2569 375 2653 Odyssea,
404 2578 438 2635 at
468 2570 582 2636 Rhodo
612 2573 789 2654 proiectam
818 2594 912 2640 nemo
940 2580 1070 2658 praeter
1097 2573 1305 2656 Apollonium
1330 2579 1379 2637 est
1420 2633 1424 2645 ,

147 2675 201 2756 qni
217 2674 351 2738 noverit.
390 2671 500 2750 Quid?
523 2674 610 2755 quod
631 2674 760 2740 Rhodia
775 2676 935 2758 quaedam
949 2676 1074 2741 ferebat
1088 2676 1208 2756 fabula,
1231 2681 1378 2741 neoatam

147 2777 306 2841 Helenam
326 2795 346 2838 a
369 2774 505 2840 Rhodiis
529 2776 648 2841 obiisse
677 2779 710 2840 in
733 2778 848 2843 insula.
892 2778 931 2842 Id
959 2783 1116 2860 exparte
1143 2778 1274 2841 retinuit
1306 2777 1377 2859 ipse

146 2879 348 2963 Apollonius.
393 2878 444 2943 Ita
471 2878 526 2943 ille
556 2879 588 2942 in
617 2881 731 2960 eologa
760 2878 984 2945 Eustathiana:
1015 2881 1081 2941 τῶν
1111 2877 1146 2942 δὲ
1166 2873 1299 2942 Ῥοδίων
1321 2879 1379 2963 τῆς

128 2976 272 3067 ’Ἑλένης
300 2977 581 3063 καταδραμόντων
612 2981 791 3064 (περιῆλθε
818 2976 881 3061 γάρ
912 2972 1031 3053 αὐτοὺς
1059 2977 1169 3066 μνήμη
1201 2973 1246 3042 ὧν
1277 2977 1310 3043 ἐν
1337 2981 1378 3063 τῇ

152 3088 258 3169 Τροίᾳ
286 3084 393 3145 κακῶν
424 3081 558 3146 ἐπαθον
582 3074 627 3144 δι)
661 3073 774 3167 αδτην)
804 3078 965 3165 φεύγουσι
993 3081 1053 3164 μὲν
1078 3080 1112 3145 ἐκ
1134 3084 1192 3168 της
1212 3075 1321 3145 Ῥόδου
1345 3078 1378 3143 οἱ

125 3199 127 3203 ·
148 3177 238 3270 ἀμφὶ
249 3182 308 3248 τὸν
320 3184 496 3248 Μενέλαον
508 3175 584 3246 art?
614 3185 681 3248 Iam
695 3204 771 3249 vero
785 3184 978 3249 Pausaniam
989 3185 1134 3250 oonIeras
1148 3185 1195 3249 III
1210 3186 1258 3264 19,
1271 3185 1379 3264 9sqq.:

145 3280 265 3350 Ῥόδιοι
288 3284 324 3349 δὲ
348 3277 405 3365 οάχ
428 3279 666 3368 ὁμολογοῦντες
681 3283 968 3365 Λακεδαιμονίοις
992 3287 1096 3371 φασίν
1114 3281 1243 3371 Ἑλένην
1266 3289 1378 3347 Μενε-

149 3386 230 3452 λάου
253 3386 520 3474 τελεντήσαντος,
541 3380 695 3470 Ὀρέστου
719 3385 755 3450 δέ
778 3384 828 3451 ἐτι
851 3388 1085 3469 πλανωμένου,
1109 3389 1288 3473 τηνικαῦτα
1311 3380 1378 3451 ὑπὸ

152 3489 381 3573 Νικοστράτου
408 3491 464 3554 καί
493 3494 745 3572 Μεγαπένθους
775 3489 979 3569 διωχθεῖσαν
1003 3486 1036 3564 ἐς
1056 3483 1165 3554 Ῥόδον
1189 3482 1379 3575 ἀφικέσθαι

149 3591 299 3668 Πολυξοῖ
326 3594 367 3678 τῇ
394 3593 613 3677 Τληπολέμου
642 3592 769 3674 γυναικί
800 3590 938 3672 ἐχουσαν
962 3588 1176 3677 ἐπιτηδείως·
1207 3586 1378 3674 εἶναιγὰρ

150 3698 203 3759 καὶ
228 3691 371 3770 Πολυξώ
395 3692 433 3758 τδ
450 3698 543 3777 γένος
558 3687 718 3777 Ἀργείαν,
740 3694 947 3780 Τληπολέμῳ
971 3691 1007 3757 δὲ
1023 3692 1072 3758 ἐτι
1089 3692 1252 3777 πρότερον
1269 3716 1380 3757 συνοι-

149 3798 272 3861 κοῦσαν
302 3799 407 3883 (γυγης
436 3808 611 3878 μετασχεῖν
641 3798 699 3879 της
723 3793 756 3870 ἐς
775 3790 886 3860 Ῥόδον
914 3797 1050 3878 καὶτῆς
1079 3794 1178 3882 νήσου
1201 3796 1380 3880 τηνικαῦτα

151 3891 261 3984 άρχειν
284 3893 554 3982 ὑπολειπομένην
584 3895 642 3962 ἐπὶ
671 3892 811 3983 δρφανηλ
841 3898 951 3963 παιδί.
997 3896 1119 3984 ταύτην
1148 3895 1208 3983 τὴν
1237 3893 1379 3972 Πολυξ’

151 4023 256 4086 φασιν
273 3999 508 4081 ἐπιθυμοῦσαν
524 3997 786 4084 τιμωρήσασθαι
801 4002 953 4087 τελευτῆς
975 4002 1034 4084 τῆς
1053 3999 1274 4086 Τληπολέμου
1292 3995 1379 4074 τότε,

151 4097 196 4178 ὡς
219 4102 335 4185 ἐλαβεν
358 4098 565 4184 ὑποχείριον,
595 4099 793 4184 ἐπιπέμψαι
816 4101 848 4167 οἱ
878 4102 1038 4187 λουομένη
1063 4104 1278 4183 θεραπαίνας
1297 4095 1380 4180 Ἐρι-

152 4242 272 4249 ...ω-η
285 4243 354 4247 --

240 4324 270 4388 ιι)
289 4322 329 4376 Cf.
345 4315 491 4375 ‘Analecta
510 4314 732 4375 Eratosthenica'
751 4338 776 4388 p.
793 4321 892 4373 136120.
