3174 5160
294 365 316 420 Ι.
335 365 386 418 DE
404 364 565 418 ACHILLE
584 363 832 419 GRAMMATICO
850 363 966 418 ARATl
984 363 1232 419 INTERPRETE.
1337 364 1377 423 51

141 540 192 622 τη]
214 541 275 604 τοῦ
296 535 382 614 Διὸς
403 530 552 619 κλίματι’
584 525 827 624 ἠοίκητηρίιβ
862 529 1006 621 (οὐρανῷ
1032 535 1117 601 κατὰ
1147 536 1379 623 παράλειψιν),

143 635 192 716 ὡς
211 635 260 704 (ἐν
282 632 519 724 παιδοτρίβου’
543 628 564 726 ἠ
583 631 820 722 (κιθαρισταί.

201 829 213 902 ⁴.
232 810 270 874 V.
292 814 328 876 31
361 810 479 875 tradita
508 809 661 874 Marciani
689 810 786 874 lectio
816 807 972 891 «μεγάλου
1002 807 1124 894 ἰότητι»
1152 810 1381 876 firmitudinem

143 910 286 978 Achillis
309 931 466 977 consensu
488 913 615 994 accipit.
653 911 849 975 Adnotatum
872 912 904 975 in
919 912 976 976 illc
992 913 1104 977 codice
1120 920 1177 994 est,
1201 913 1300 977 fuisse
1325 914 1380 994 qui

142 1010 319 1097 «μεγάλοιο
342 1011 445 1099 ἕκητι»
460 1014 600 1078 scribere
621 1013 762 1078 mallent.
797 1013 837 1077 Et
851 1020 986 1095 augetur
1009 1013 1103 1080 huius
1118 1014 1285 1080 varietatis
1307 1034 1380 1097 prc-

142 1116 299 1182 habilitas
314 1118 386 1182 lccc
402 1115 567 1180 Hesiodea
582 1113 678 1197 (Opp.
695 1135 725 1179 v.
743 1114 786 1197 4),
810 1115 864 1179 ubi
888 1116 963 1180 item
980 1122 1086 1180 exstat
1101 1111 1200 1189 «Διὸς
1221 1113 1380 1199 μεγάλοιο

143 1216 251 1304 ἕκητι»
271 1212 413 1283 ‘volente
435 1208 539 1283 Iove'.
586 1217 650 1282 Res
673 1217 813 1281 incerta:
837 1235 913 1299 ergo
936 1216 1118 1282 Marcianus
1142 1217 1333 1300 sequendus.

233 1319 271 1383 V.
288 1322 349 1383 224
372 1340 444 1385 cum
462 1319 625 1384 Marciano
649 1326 681 1384 et
696 1318 824 1384 Achille
847 1326 943 1400 atquc
965 1319 1048 1384 adeo
1072 1340 1143 1384 cum
1159 1319 1287 1384 Oratete
1302 1319 1381 1384 Mal·

142 1424 215 1489 lota
241 1423 348 1504 (supra
371 1441 402 1504 p.
420 1424 471 1498 24)
495 1421 727 1503 diiungendum
751 1427 799 1485 est
824 1416 873 1483 «ἐν
892 1417 1000 1494 Διός».
1046 1421 1320 1503 Praepositicnem
1348 1417 1383 1484 ἐν

143 1546 218 1591 cum
242 1525 340 1606 stirpe
364 1522 397 1587 δι
420 1523 674 1606 quotiescunque
698 1522 827 1605 copulat
842 1523 968 1606 Aratus,
992 1522 1149 1605 producta
1171 1524 1269 1588 utitur
1292 1547 1305 1586 ι
1327 1543 1384 1590 vo·

143 1629 221 1711 cali,
250 1628 339 1693 velut
361 1646 391 1690 v.
409 1628 470 1690 498
501 1627 602 1688 πέντε
634 1623 694 1704 μὲν
717 1621 810 1688 duduc
845 1626 1025 1708 στρέφεται
1053 1626 1105 1696 (cl.
1122 1625 1206 1689 infra
1226 1644 1257 1708 p.
1275 1630 1328 1700 53)
1350 1633 1383 1691 et

144 1753 177 1795 v.
196 1733 260 1794 954
288 1725 397 1812 πάρος
425 1718 547 1801 ὕδατος
577 1723 717 1803 ίνδίοισ,
752 1746 792 1791 cx
824 1722 988 1800 ἕνὸίῈ-ισς
1017 1726 1133 1791 effecta
1161 1727 1221 1802 (W.
1245 1726 1382 1793 Schulze

140 1827 289 1910 ‘Quaest
307 1821 400 1912 epic’
424 1849 457 1912 p.
475 1832 536 1893 253
550 1832 580 1905 ¹).
625 1831 725 1895 Recte
754 1831 850 1912 igitur
872 1829 1047 1895 scholiasta
1069 1829 1097 1891 Τ
1120 1827 1163 1892 ad
1184 1829 1277 1893 Iliad.
1301 1830 1383 1893 XXI

144 1940 210 1998 444
233 1927 305 2014 πὰρ
327 1922 424 2014 Διός]
448 1929 536 2004 τινὲς
559 1927 594 2005 ἐξ
615 1923 757 2012 οὐρανοῦ
764 1982 772 2009 ,
798 1924 866 1994 ἀπὸ
891 1932 949 1994 τοῦ
972 1926 1057 2004 Διὸς
1081 1927 1182 1992 σ’ίκοε.
1227 1927 1275 1992 «ἐν
1297 1925 1383 2004 Διὸς

144 2034 302 2100 εἰλεῖται»
325 2025 464 2115 Ἄρατος
487 2026 591 2109 (224).v

237 2277 264 2335 1.
287 2270 433 2337 Achilles
455 2290 486 2352 p.
505 2272 564 2332 132
580 2271 611 2334 D
633 2257 654 2356 ἠ
677 2262 745 2335 ἀπὸ
771 2273 830 2334 τοῦ
854 2262 973 2345 αὐτοὺς
989 2271 1158 2353 (planetas)
1181 2268 1383 2332 πλανᾶσθαι

143 2375 201 2439 καὶ
231 2370 276 2460 μή
303 2369 363 2456 τήν
393 2364 494 2457 αὗτήν
522 2374 665 2454 πορείαν
692 2377 875 2437 ποιεῖσθαι
908 2384 979 2445 τοῖς
1008 2365 1194 2435 ἀπλανέσιν
1223 2374 1383 2455 (planetae

144 2478 226 2542 dicti
261 2476 355 2550 sunt).
405 2465 488 2539 ὅθεν
518 2474 574 2538 καὶ
603 2467 833 2560 Ἄρατος-τήν
863 2480 1020 2554 πορείαν,
1051 2465 1096 2537 δι’
1129 2464 1168 2559 ἠς
1197 2477 1336 2558 φέρεται
1365 2465 1382 2536 ὁ

144 2570 253 2664 ἠλιος,
277 2570 409 2661 πλάνην
432 2569 526 2639 εἶπεν
551 2568 729 2640 αὐτοῦκαὶ
753 2570 870 2661 ίίλησιν
894 2579 934 2652 (v.
953 2580 1042 2652 319)·

104 2692 121 2739 5
352 2679 408 2741 καὶ
431 2675 548 2759 τὰμὲν
571 2662 627 2741 οὖν
648 2682 757 2759 βορέω
780 2679 833 2742 καί
859 2671 997 2765 ἇλήσιος
1020 2672 1156 2764 ἠελίοιο.

235 2786 265 2846 2.
289 2780 378 2844 Idem
402 2800 433 2862 p.
449 2780 557 2842 2711)
592 2779 678 2862 λέγει
712 2779 747 2844 δὲ
776 2782 853 2862 περὶ
886 2782 952 2845 τιῦν
981 2776 1104 2860 μεταξὺ
1135 2780 1193 2841 τοῦ
1228 2770 1383 2859 ἇρκτικοῦ

146 2884 284 2962 (circuli)
307 2883 362 2944 καὶ
386 2878 548 2962 ζῳδιακοῦ
570 2882 626 2944 καὶ
651 2877 866 2965 ἀνταρκτικσῦ
890 2872 995 2955 οὕτως
1017 2886 1059 2957 (v.
1078 2883 1273 2955 319—32lll·

353 2985 408 3046 καὶ
431 2980 473 3045 τὰ
495 2981 556 3063 μὲν
579 2967 636 3046 οὖν
657 2981 765 3065 βορέω
788 2984 841 3047 καὶ
867 2976 1004 3069 ἆλήσισς
1026 2976 1153 3070 ἠελίοιο

355 3081 519 3170 μεσσηγὺς
540 3082 683 3164 κέχυται,
708 3083 748 3148 τὰ
774 3085 809 3149 δὲ
833 3080 965 3151 νειόθεν
990 3080 1125 3171 ἄρχεται
1149 3077 1243 3146 dila.

86 3200 123 3261 ³0
236 3190 264 3251 3.
287 3186 377 3252 Idem
399 3205 430 3268 p.
450 3185 547 3250 1450
577 3183 649 3250 ἔστι
673 3179 704 3249 d'
731 3179 787 3251 ὅτε
808 3190 926 3251 τοῦτον
955 3183 1012 3250 τὸν
1042 3184 1158 3249 κύκλον
1192 3185 1383 3260 (zodiacum)

146 3292 205 3354 καὶ
229 3282 347 3373 ἄλησιν
370 3279 590 3369 ὀνομάζουσιν
605 3283 718 3384 ἠλίοσ,
743 3284 788 3364 τίς
811 3291 866 3352 καὶ
888 3283 1027 3373 Ἄρατος
1050 3289 1259 3366 (319-320)·

356 3391 410 3453 καί
433 3387 475 3452 τὰ
498 3389 558 3471 μὲν
581 3385 638 3454 οὗν
659 3395 768 3473 βορέω
790 3393 846 3455 καὶ
871 3388 1008 3476 ἀλήσιος
1030 3382 1158 3472 ἠελίοιο

355 3493 521 3578 μεσσηγὺς
542 3495 683 3570 κέχυται.

149 3593 218 3676 ἔχει
248 3592 284 3657 δὲ
314 3584 410 3669 οὗτος
432 3587 449 3657 ὁ
473 3591 589 3669 κύκλος
611 3597 757 3676 μέγεθος
785 3597 951 3678 μέγιστον.
996 3585 1047 3657 ἀεὶ
1073 3591 1109 3656 δὲ
1131 3589 1168 3656 τὸ
1191 3583 1293 3678 ἠμισυ
1315 3585 1382 3654 ὑπὸ

94 3707 124 3756 15
146 3697 209 3781 γῆν
233 3693 308 3775 ἐ’χει.
354 3691 406 3758 διὸ
436 3695 492 3758 καὶ
520 3692 557 3769 ἓξ
582 3690 667 3774 ὑπὲρ
697 3698 756 3779 γήν
780 3688 832 3760 ἀεὶ
863 3693 896 3758 έν
922 3689 1028 3782 ἠμέρρ
1052 3692 1122 3759 ἐστὶ
1147 3692 1249 3777 ζῴδια
1270 3693 1325 3755 καὶ
1349 3689 1386 3766 ἓξ

149 3792 219 3863 ὑπὸ
232 3799 291 3882 γήν
304 3793 339 3860 ἐν
350 3801 450 3861 νυκτί.
480 3793 739 3882 ἐπισημαίνεται
752 3796 896 3861 δὲταῦτα
909 3797 963 3860 καὶ
979 3791 1115 3878 Ἄρατος
1128 3796 1229 3879 λέγων
1244 3800 1284 3872 (V.
1294 3797 1383 3871 555)·

294 3910 300 3917 “
359 3895 396 3973 ἓξ
417 3895 484 3962 οιίεί
508 3896 644 3962 δύνουσι
668 3897 871 3974 ὂνωόεκάόες
893 3892 1034 3963 κήκλοιο.

241 4020 250 4067 l
273 4009 362 4072 αὐτοῦ
379 4014 404 4066 V
426 4014 435 4082 ΙΙ
456 4020 471 4066 4
490 4005 631 4085 ίίλησινλί
654 4016 663 4081 ΙΙ
686 4011 792 4072 hacc&
812 4015 864 4084 μἐν
881 4016 936 4067 Vm
957 4017 966 4080 ll
992 4006 1042 4070 οὖν
1060 4029 1103 4066 om
1122 4013 1150 4063 M
1174 4021 1181 4077 ll
1203 4006 1320 4081 ιίλήσιος
1340 4010 1383 4064 M:

147 4095 336 4172 ἁλήσιονἿΙΙ
352 4104 382 4152 10
402 4093 478 4154 ἔστιν
497 4090 547 4155 ὅτε
565 4099 611 4165 Vll
627 4104 654 4152 11
675 4103 723 4155 καί
741 4106 805 4154 ante
823 4096 867 4156 ιίλ,
886 4099 994 4164 cmVll
1015 4104 1044 4152 15
1064 4093 1150 4170 ζῴδια
1170 4096 1272 4163 cmVll
1293 4099 1324 4148 16
1336 4098 1385 4150 καί

147 4201 194 4240 cm
212 4185 260 4251 Vl
277 4190 305 4238 17
326 4180 502 4249 δοωδεκοίδος
521 4184 685 4239 Marcianus.

238 4307 287 4373 De
311 4328 341 4373 v.
359 4310 421 4369 555
444 4306 560 4371 dicturi
584 4313 691 4373 sumus
715 4308 847 4372 inferius
870 4307 911 4371 ad
935 4303 1157 4389 Hipparchum
1179 4305 1284 4386 capite
1300 4303 1342 4367 ΙΙ.

1195 4405 1231 4454 4*
