3174 5160
326 351 349 404 1.
367 351 419 404 DE
438 350 600 405 ACHILLE
619 351 865 408 GRAMMATICO
884 352 998 406 ARATl
1016 351 1263 407 INTERPRETE.
1377 352 1416 409 13

172 525 400 608 repperimus,
430 528 578 608 quamvis
599 533 729 610 propter
757 529 928 594 verborum
956 527 1219 609 depravationem
1243 536 1417 611 conceptae

172 627 326 692 laetitiae
350 629 567 694 remiserimus
589 629 835 711 aliquantulum:

311 722 328 793 ὁ
353 727 389 792 δὲ
404 722 650 816 Ἀριστοφάνης
673 727 706 794 έν
728 743 800 806 τοῖς
814 729 1055 795 Δαιταλεῦσιν·
1079 719 1100 816 ἡ
1124 728 1199 796 ἐπεὶ
1221 725 1317 815 ἡλίου
1339 755 1417 813 τρο-

310 835 393 895 πίου
424 835 558 896 τέθεικε
588 829 626 896 τό
662 826 769 914 ὄνομα
799 834 860 896 τοῦ
889 829 997 895 πόλου
1031 832 1088 896 καὶ
1122 832 1277 918 θηλυκιῦς
1309 831 1418 909 πόλος

309 937 480 997 τουτέστιν
509 927 716 1018 ἡλικολωνῦ,
747 931 780 997 έν
810 927 838 1017 qt
868 937 1049 998 σκέπτουσι
1077 931 1119 997 τὰ
1149 938 1300 1017 μετέωρα
1321 937 1418 1000 ταυτί

309 1037 365 1099 καὶ
388 1033 430 1099 τὰ
452 1033 581 1118 πλάγια
602 1041 708 1101 ταυτί.

175 1137 373 1220 corrigendi
396 1139 559 1220 negotium
577 1145 608 1204 et
622 1138 807 1205 Athenaeus
830 1139 1013 1204 sublevabit
1028 1139 1055 1203 V
1071 1160 1102 1222 p.
1115 1142 1176 1204 207
1193 1141 1209 1203 f
1228 1139 1270 1204 de
1293 1139 1417 1205 horolo-

175 1242 233 1323 gio
251 1239 414 1306 disserens
428 1236 547 1303 codron
564 1232 595 1303 δ’
615 1237 734 1324 ἐφεξῆς
750 1238 988 1327 σχολαστήριον
1003 1235 1130 1325 ὗπὴρχε
1149 1239 1367 1307 πεντάκλινον
1384 1239 1419 1306 έκ

175 1338 290 1426 νεαρὸς
311 1339 390 1416 τοῦς
418 1345 550 1423 τοίχους
577 1342 632 1405 καὶ
663 1339 705 1405 τά
728 1341 917 1424 θυρυῖματα
944 1347 1257 1424 κατεσκευασμένον,
1287 1344 1418 1426 βιβλιο-

175 1442 291 1531 θήκην
314 1441 388 1524 ’ἑχον
411 1441 444 1507 ἐν
468 1438 568 1527 αῦτηῦ,
590 1440 676 1507 κατὰ
699 1442 736 1508 δὲ
757 1443 816 1530 τὴν
840 1437 968 1531 όροφὴν
991 1444 1098 1510 πόλον
1122 1442 1156 1509 ἐκ
1170 1448 1230 1510 τοῦ
1251 1443 1336 1510 κατά
1357 1444 1418 1530 τὴν

176 1539 378 1631 Ἀχραδίνην
402 1537 700 1628 ἀπομεμιμημένον
722 1540 942 1631 ἡλιοτροπίου
969 1556 1002 1613 et
1023 1548 1142 1614 Pollux
1158 1549 1201 1613 VI
1219 1554 1278 1615 109
1292 1570 1339 1633 sq.
1361 1550 1417 1613 καὶ

176 1645 217 1713 τὸ
242 1647 305 1730 μὲν
326 1651 519 1730 κοτταβεῑον
537 1645 696 1732 ἐκρέματο
720 1641 866 1715 ἀπὸτοῦ
888 1642 1016 1735 ὀρόφου
1038 1640 1160 1714 ῦπτιόν
1183 1653 1293 1715 τεκαὶ
1318 1651 1417 1730 λεῖον,

173 1751 303 1832 χαλκοῦ
325 1754 569 1835 πεποιημένον,
586 1741 714 1836 Ιὥσπερ
744 1751 874 1831 λυχνίου
896 1749 934 1817 τό
966 1749 1123 1838 ἐπίθημα
1150 1802 1157 1816 .
1186 1801 1193 1817 .
1222 1802 1229 1817 .
1257 1750 1351 1836 ἐφ’κει
1382 1751 1418 1817 δὲ

177 1851 280 1936 πόλῳ
303 1853 351 1935 τῷ
373 1848 434 1927 τὰς
458 1841 546 1933 ὥρας
562 1851 725 1918 δεικνύντι
740 1862 771 1919 et
786 1857 856 1938 ipse
871 1854 1105 1938 Aristophanes
1121 1856 1170 1931 (fr.
1184 1858 1250 1952 l63
1262 1856 1315 1930 K.)
1331 1854 1418 1938 apud

178 1955 321 2022 cundem
337 1955 501 2020 Pollucem
517 1954 565 2018 IX
582 1959 622 2020 46
645 1952 683 2019 τό
701 1953 737 2018 δὲ
752 1953 955 2036 καλούμενον
979 1950 1160 2038 ὡρολόγιον
1176 1951 1196 2040 ἡ
1220 1980 1286 2020 που
1309 1955 1418 2021 πόλον

178 2051 221 2122 άν
245 2079 298 2132 τις
320 2055 424 2136 εἴποι,
448 2054 619 2143 φήσαντος
640 2049 905 2142 Ἀριστοφάνους
929 2054 962 2120 έν
986 2055 1175 2141 Γηρυτάδῃ·

337 2158 443 2234 πόλος
465 2151 538 2223 τόδ’
565 2158 673 2240 έστίν;
696 2155 769 2224 εἶτα
791 2157 921 2244 πόστην
944 2157 1037 2244 ἥλιος
1059 2161 1263 2240 τέτραπται,·

176 2263 296 2345 Itaque
311 2255 531 2348 ἡλιοτροπίου
553 2255 645 2326 τοῦτ)
671 2259 761 2326 ἐστίν
787 2261 932 2345 Κολίονηῦ
954 2261 1167 2346 periclitanda
1188 2263 1281 2328 nobis
1304 2262 1415 2328 viden·

176 2372 240 2446 tur,
265 2371 373 2431 cetera
394 2356 517 2431 invenit
532 2365 811 2430 Wilamowitzius:

306 2460 323 2531 ό
354 2464 390 2528 δὲ
418 2457 663 2552 Ἀριστοφάνης
697 2463 731 2528 ἓν
756 2477 827 2541 τοῖς
855 2466 1080 2530 Δαιταλεῦσιν
1109 2463 1166 2529 ἐπὶ
1195 2460 1414 2552 ἡλιοτροπίου

305 2570 437 2632 τέθεικε
458 2564 496 2631 τό
521 2561 628 2649 ὄνομα
650 2570 709 2631 τοῦ
732 2566 840 2632 πόλου
863 2569 918 2633 καὶ
941 2568 1111 2654 θηλυκιῦς·

716 2668 823 2745 πόλος
845 2661 935 2734 τοῦτ)
964 2667 1063 2747 ἐστίν,
1086 2662 1107 2754 ἡ
1127 2662 1158 2734 ’ν
1181 2670 1337 2753 Κολωνηῦ·

384 2773 548 2836 σκοποῦσι
571 2768 613 2834 τά
636 2775 787 2852 μετέωρα
809 2773 905 2835 ταυτὶ
928 2762 984 2836 καὶ
1006 2767 1048 2833 τὰ
1069 2769 1197 2854 πλάγια
1221 2777 1328 2836 ταυτί.

171 2875 346 2958 Horologii
375 2895 466 2940 nsum
496 2875 578 2940 inter
607 2874 768 2939 noviciam
788 2865 1029 2956 ‘sophistarum’
1060 2873 1295 2957 supellectilem
1318 2879 1414 2939 rettu-

171 2980 254 3043 lisse
284 2992 423 3047 comicus
453 2975 596 3057 videtur,
626 2995 690 3058 qna
717 2977 765 3039 illi
794 2976 1047 3041 adolescentium
1078 2982 1202 3041 mentes
1231 2995 1252 3039 a
1279 2975 1416 3058 pristina

172 3080 383 3163 simplicitate
400 3077 604 3144 seducerent:
628 3077 898 3160 quemadmodum
923 3078 1081 3144 eiusmodi
1097 3078 1198 3141 multa
1214 3083 1339 3142 constat
1354 3075 1416 3141 hac

172 3184 210 3247 in
234 3181 405 3247 comoedia
419 3179 559 3244 ludibrio
583 3177 695 3244 habita
718 3198 797 3244 esse.
836 3181 978 3245 Innotuit
1000 3182 1149 3244 rixante
1173 3178 1255 3243 hanc
1277 3184 1415 3243 aetatem

172 3304 235 3368 per
251 3283 411 3349 Matonem
427 3302 567 3364 gnomon
583 3280 875 3363 Atheniensibus⁸),
899 3301 970 3346 cum
994 3283 1025 3346 in
1048 3281 1175 3362 vulgari
1197 3279 1351 3345 metiendi
1374 3299 1416 3344 ex
1502 3279 1503 3282 ’

172 3386 294 3450 umbra
315 3385 469 3467 temporis
493 3383 723 3448 consuetudine
746 3383 844 3464 vulgo
867 3382 1151 3467 persever-arene).
1190 3381 1346 3448 Colonum
1369 3384 1415 3448 fo·

173 3505 306 3552 rensem
330 3505 371 3550 ex
394 3487 461 3550 levi
484 3486 685 3568 corruptione
716 3483 839 3550 scholio
863 3486 965 3550 adiuti
995 3488 1027 3550 in
1049 3484 1276 3569 Aristophanis
1298 3486 1416 3550 Avium

173 3592 289 3654 v.997
316 3589 528 3653 restituimus:
562 3591 686 3651 Μέτων
720 3581 856 3670 ῦριστος
891 3579 1097 3670 άστρονόμος
1127 3589 1182 3652 καὶ
1212 3591 1414 3672 γεωμέτρης·

171 3688 298 3754 τοῦτον
322 3683 452 3753 ἒστὶνό
485 3685 636 3764 ἐνιαυτός
664 3683 681 3753 ό
707 3687 882 3772 λεγόμενος
905 3692 1077 3766 Μέτωνος.
1122 3691 1207 3776 φησὶ
1231 3688 1266 3752 δὲ
1288 3687 1415 3752 Καλλί-

173 3813 322 3874 στρατος
338 3788 371 3855 ἐν
386 3791 535 3874 Κολωνῷ
552 3783 713 3878 άνάθημά
733 3786 868 3856 τιεῖναι
885 3784 987 3855 αὐτοῦ
1003 3784 1256 3876 ῦιστρολογικόν·
1281 3783 1415 3875 Εῦφρό-

171 3915 250 3968 νιος
281 3892 317 3956 δέ
344 3894 393 3973 (fr.
411 3897 451 3957 94
475 3893 651 3976 Streckcr),
681 3884 734 3958 ότι
756 3895 822 3958 τυῦν
846 3891 958 3978 δήμων
988 3878 1028 3979 ἡν
1055 3891 1088 3958 ἐκ
1110 3894 1279 3958 Κολωνοῦ.
1317 3893 1414 3955 τοῦτο

268 4063 286 4125 ⁸)
304 4059 475 4126 schambach,
490 4060 654 4116 Geschichte
668 4059 716 4112 der
727 4059 912 4127 griechischen
924 4060 1096 4114 Astronomie
1106 4061 1147 4113 bis
1160 4060 1210 4113 auf
1218 4058 1415 4112 Eratosthenes

169 4149 444 4298 p’119⁹lqulristoph.
463 4231 569 4285 Eccles.
582 4248 606 4284 v.
621 4233 670 4285 652
689 4247 750 4284 cum
768 4229 885 4293 scholiis,
903 4229 990 4284 ldeler
1004 4224 1169 4282 ‘Handbuch
1189 4229 1236 4284 der
1254 4221 1415 4283 Chronol.’I

171 4335 202 4387 p.
218 4320 351 4384 atcsqq„
369 4315 494 4370 Petavius
513 4316 547 4369 ad
565 4316 676 4371 Uranol.
695 4332 722 4384 p.
737 4320 850 4385 269sqq.
