3166 5166
274 327 325 384 111.
344 329 395 383 DE
413 329 528 385 annul
545 331 815 388 INTERPRETUM
833 333 895 401 QUI
911 334 1063 389 FERTUR
1082 336 1287 393 CATALOGO.
1338 337 1397 396 157

170 486 277 587 'l'angi
304 503 502 571 acicerone
532 505 646 570 Boethi
678 508 769 573 stoici
800 509 1009 592 Prognostica
1037 510 1211 577 secundnm
1240 532 1398 577 commen-

168 606 286 670 tarium
308 605 460 673 Arateum
485 613 621 674 noenta
636 608 789 675 Geminus
809 611 829 675 I.
847 632 873 676 c.
901 613 1029 677 evincit.
1074 612 1259 696 Respondet
1281 612 1398 690 Quinto

166 708 275 773 Tullio
299 708 425 775 Marcus
447 709 479 772 II
502 711 552 791 20,
566 714 621 773 47:

294 809 344 872 Et
364 828 401 871 ee
422 809 561 893 quedem
584 810 654 875 lece
676 816 710 874 et
730 812 984 897 «Prognostica»
1008 818 1127 876 nostra
1143 811 1399 898 pronuntiabas

296 915 330 973 et
367 931 502 995 genera
534 911 749 989 ,herbarum
789 914 1032 978 scammoniam
1077 913 1400 1001 aristolochiamque

232 1021 233 1024 ’
294 1011 455 1088 radc'eem,
476 1034 629 1097 quarum
644 1035 784 1081 eausam
808 1015 999 1100 ignorares,
1021 1015 1091 1081 vem
1115 1023 1147 1080 et
1169 1018 1327 1103 effectum
1349 1017 1398 1081 vi·

226 1156 230 1165 ·
294 1115 402 1178 aleres.
439 1114 625 1182 Dissimile
639 1123 758 1181 tetum.
795 1119 889 1182 Nam
912 1123 946 1181 et
953 1118 1256 1203 prognosticorum
1276 1141 1399 1183 causas

289 1217 469 1301 persecuti
480 1223 567 1281 sunt
581 1224 615 1282 et
627 1221 784 1284 Boethus
799 1219 936 1294 stoicus,
960 1221 1026 1305 qui
1038 1226 1089 1285 est
1102 1244 1123 1283 a
1139 1226 1172 1283 te
1187 1220 1397 1297 nomenatus,

294 1324 328 1410 et
348 1325 464 1384 noster
480 1319 583 1384 etiam
599 1321 809 1386 Posidonius
817 1348 832 1395 ;
854 1328 887 1387 et
901 1322 937 1385 si
948 1343 1157 1387 eausaeuon
1174 1321 1399 1406 reperiantur

294 1419 444 1487 istarum
467 1443 596 1499 rerum,
619 1445 675 1487 res
698 1429 815 1488 tamen
837 1424 932 1510 ipsae
954 1422 1130 1488 obseruari
1149 1421 1397 1498 animaduerti}

293 1545 360 1608 que
375 1529 580 1609 potueruut.

166 1628 314 1694 Tandem
343 1630 508 1714 inventus,
544 1631 598 1714 qui
629 1631 782 1696 Romanis
812 1632 902 1695 Arati
932 1631 1160 1696 Phaenomena
1194 1630 1398 1714 expediverit

166 1732 338 1814 interpres!
361 1732 456 1798 Adde
479 1733 565 1816 quod
594 1734 626 1797 in
656 1733 734 1816 ipsis
753 1729 816 1798 ‘De
845 1725 1057 1799 divinatione'
1091 1734 1181 1798 libris
1201 1727 1397 1816 ‘Prognosti-

158 1824 287 1898 ‘eorum'
315 1853 356 1898 ex
372 1836 472 1901 Arato
489 1836 714 1902 translatorum
731 1835 844 1901 Cicero
861 1842 1014 1918 excerpta
1028 1836 1203 1918 proposuit.
1243 1835 1303 1900 Vel
1324 1837 1396 1900 titu-

164 1935 230 2000 lum
261 1938 375 2003 tertiae
409 1938 509 2020 partis
537 1929 775 2021 ‘Prognostica'
808 1957 850 2002 ex
880 1936 994 2003 Boethi
1023 1937 1248 2003 distributione
1277 1938 1397 2003 Aratea

165 2038 328 2120 recepisse
339 2038 524 2105 Ciceronem
541 2059 643 2123 prona
658 2046 707 2105 est
722 2040 871 2123 suspicIo.
903 2039 1016 2122 Neque
1028 2040 1125 2122 igitur
1137 2059 1264 2104 oausam
1279 2059 1395 2122 cogno·

164 2141 294 2221 suimus,
310 2160 375 2224 eur,
393 2141 433 2207 de
449 2141 613 2207 Ciceronis
630 2143 771 2207 fontibus
786 2143 814 2208 si
829 2143 1001 2225 quaeritur,
1018 2139 1160 2207 Boethus
1176 2151 1394 2208 semoveatur:

165 2251 372 2308 semoverunt
393 2265 465 2309 cum
489 2246 587 2310 aeteri
610 2252 676 2308 tum
695 2243 916 2310 Hartfelderus
936 2237 1012 2308 ‘Die
1028 2242 1163 2320 Quellen
1188 2264 1250 2309 von
1267 2243 1395 2310 Ciceros

164 2346 245 2411 nvvei
276 2344 425 2412 Bllehern
445 2347 497 2420 ¹De
528 2336 741 2411 divinatione'
767 2347 935 2429 (Freiburg
962 2346 1036 2421 ilBr.
1065 2347 1209 2428 1878l'p.
1226 2349 1256 2410 9.
1300 2345 1397 2411 Velut

164 2447 351 2532 livores,
375 2448 429 2512 nbi
453 2446 654 2514 Stoicumse
677 2450 851 2531 compilare
874 2448 986 2514 Cicero
1010 2448 1097 2531 dicit,
1122 2447 1279 2513 Boethum
1302 2449 1395 2513 nobis

164 2548 277 2616 audire
301 2550 449 2615 videmur
472 2550 512 2615 de
535 2551 744 2634 lolliginibus,
768 2551 854 2633 quod
876 2551 961 2634 apud
986 2551 1124 2615 Plinium
1140 2550 1249 2614 XVIII
1267 2553 1317 2633 87,
1333 2553 1392 2614 361

164 2649 299 2734 redit⁶⁰),
322 2658 354 2717 et
377 2651 418 2717 de
440 2650 617 2735 delphinIs:

295 2749 564 2825 Gubernatores‚
593 2774 670 2816 cum
698 2751 910 2815 exsultantis
934 2749 1112 2835 lolligines
1139 2750 1306 2815 uiderunt
1332 2757 1398 2816 aut

293 2851 473 2938 delphines,
493 2874 529 2917 se
552 2852 591 2916 in
613 2859 757 2939 partum
781 2853 1000 2927 conaerentes,
1030 2859 1260 2938 tempestatem
1282 2854 1395 2939 signi-

171 3007 370 3016 ———...-

248 3109 283 3173 οθ)
296 3102 499 3174 ‘praesagiunt
510 3116 535 3160 el
547 3113 700 3160 animalia:
719 3113 848 3174 delphini
859 3113 1014 3175 tranquillo
1025 3112 1099 3158 mari
1109 3111 1282 3158 lascivientes
1291 3111 1395 3174 flatum

165 3213 199 3246 ex
218 3213 273 3262 qua
293 3199 404 3246 uenient
416 3203 514 3260 parte,
540 3199 602 3244 item
619 3204 784 3261 spargentes
802 3213 917 3260 aquam,
937 3198 1008 3244 idem
1025 3197 1132 3243 turbato
1150 3197 1393 3258 tranquillitatem.

166 3281 276 3346 Lolligo
300 3284 431 3342 volitans,
458 3283 576 3331 concleae
603 3284 845 3342 adhaerescentes,
870 3283 963 3330 echini
984 3283 1139 3345 adfigentes
1161 3296 1217 3328 sese
1241 3286 1292 3328 aut
1307 3297 1393 3329 arena

163 3370 344 3417 saburrantes
356 3370 522 3430 tempestatis
533 3370 617 3431 sigim
629 3361 712 3417 sunt'.
734 3365 813 3418 Plinii
827 3364 1002 3430 Prognostica
1016 3379 1048 3417 nx
1061 3364 1192 3417 Varronis
1202 3358 1394 3430 ‘Ephemeride

165 3444 269 3505 navali’
291 3450 391 3505 hausta
416 3452 544 3512 tBoehme
561 3468 588 3519 p.
602 3456 642 3505 30.
663 3455 780 3520 sosqqa
817 3449 921 3518 Lolligo
946 3450 1060 3504 volitans
1085 3450 1112 3503 in
1137 3451 1271 3516 excerptis
1292 3442 1393 3503 ‘'I'heo-

164 3527 313 3603 phrasteis'
332 3551 354 3588 a.
370 3540 402 3589 40
422 3539 647 3589 commemoratur
664 3538 786 3598 (κολοιοὶ
804 3533 837 3591 ἐκ
855 3521 907 3591 τοῦ
924 3531 1013 3591 νότου
1028 3533 1184 3604 πετόμενοι
1201 3537 1250 3589 καὶ
1269 3537 1395 3599 τευθίδες

165 3620 317 3693 χειμέριαι)
334 3627 363 3674 et
380 3621 452 3689 apud
466 3620 622 3674 Suetonium
640 3621 713 3682 tlsld.
733 3621 836 3690 Hispal.
849 3619 1002 3684 XXXVIII,
1023 3621 1139 3673 Boehme
1157 3636 1184 3688 p.
1199 3623 1250 3685 42).
1282 3621 1394 3674 Accedit

166 3706 239 3774 quod
258 3711 286 3760 et
296 3705 484 3774 gubernatoris
498 3707 648 3774 exemplum
662 3711 689 3760 ot
700 3706 805 3770 mediet,
819 3706 889 3774 quod
903 3707 929 3759 iu
944 3705 1128 3760 Ciceronianis
1140 3705 1276 3758 antecedit
1288 3708 1396 3767 (mediet

163 3795 247 3856 εἰμεν
261 3795 398 3859 quaedam
409 3795 511 3843 babent
527 3810 562 3844 cx
575 3795 651 3842 venis
669 3800 696 3842 et
712 3810 747 3842 ex
757 3797 860 3856 spiritu
873 3797 990 3858 aegroti,
1002 3795 1152 3858 multisque
1163 3809 1197 3841 ex
1210 3795 1275 3842 alus
1286 3793 1393 3859 futura

162 3881 375 3943 praecanam),
394 3878 474 3930 simili
493 3876 571 3931 modo
590 3892 607 3929 a
625 3878 706 3932 Sexto
726 3877 863 3944 Empirico
883 3877 1098 3944 coniunguntur,
1124 3880 1155 3930 ut
1179 3877 1306 3929 solemnis
1326 3876 1394 3928 haee

163 3962 290 4016 iunctura
308 3963 344 4019 ad
363 3963 477 4017 eundem
495 3969 633 4017 auctorem
651 3961 803 4016 revocanda
820 3962 950 4017 videatur.
979 3961 1128 4030 Propositis
1147 3961 1225 4027 enim,
1244 3975 1312 4029 quae
1331 3960 1393 4013 Ale·

164 4047 261 4102 andri
273 4050 364 4103 Aetoli
376 4063 461 4103 causa
473 4048 612 4101 attulimus
625 4063 651 4114 p.
666 4051 722 4113 149,
740 4048 828 4116 pergit
841 4048 951 4102 Sextus:
970 4045 1045 4104 κατὰ
1058 4040 1147 4103 ταύτὰ
1161 4046 1250 4101 δὲκαὶ
1268 4054 1329 4110 τοῖς
1347 4043 1392 4113 ἐμ-

166 4138 301 4205 nominoe
324 4129 517 4204 ἰατρεύουσιν,
543 4126 607 4188 οἷον
631 4128 664 4188 τὸ
690 4128 809 4204 ἔρευθος
831 4138 879 4189 καὶ
901 4128 917 4202 ἡ
936 4132 1076 4204 monicae
1099 4135 1158 4187 τῶν
1176 4132 1274 4187 alclom
1291 4134 1339 4186 nal
1357 4126 1392 4187 τὸ

163 4216 246 4292 δίψος
262 4222 312 4274 καὶ
330 4214 365 4276 τὰ
385 4215 466 4284 ἄλλα,
486 4209 527 4274 ὦν
547 4213 617 4288 ὁμὴ
637 4222 777 4289 διδαχθεὶς
796 4212 848 4274 οὐκ
860 4211 1100 4290 οἷντιλαμβοῖνεται
1119 4211 1159 4282 ὡς
1177 4218 1309 4288 σημείων.
1341 4211 1393 4272 οὐκ

162 4301 219 4376 ἄρα
238 4301 381 4376 αἰσθητόν
397 4303 459 4361 ἐστι
477 4298 511 4361 τὸ
531 4314 658 4376 σημεῖον.
