3174 5160
87 735 115 784 20

109 3590 123 3637 δ

95 4097 125 4148 1o

292 348 314 402 Ι.
334 348 384 402 DE
401 348 563 403 ACHILLE
584 350 829 406 GRAMMATICO
845 352 960 406 ARATI
977 352 1225 408 INTERPRHTE.
1336 354 1376 412 45

138 520 198 582 καὶ
223 516 329 584 πάλιν
353 525 395 596 (v.
413 525 610 600 693-695)·

264 611 389 699 Ἵππος
413 622 444 687 d'
467 619 655 708 Ὑδροχόοιο
678 629 752 690 νέον
774 626 1066 708 περιτελλομένοιο

272 730 380 790 ποσσι1
400 749 437 790 τε
459 729 514 792 καὶ
535 728 665 813 κεφαλῇ
688 719 915 793 ἀνελλσσεται·
939 720 1037 793 ἀντία
1060 721 1092 791 d'
1111 721 1235 794 Ἵππου

275 824 311 902 ἐξ
332 824 431 911 οὐρῆς
452 832 641 914 Κένταυρον
664 826 839 915 ἐφέλκεται
861 827 1000 916 ἑσπερίη
1024 828 1104 906 Νύξ.

232 983 247 1031 5
266 973 388 1045 ἔμπαλιν
405 979 449 1032 M:
467 983 517 1035 καλ
529 980 554 1035 V
566 982 575 1047 ΙΙ
588 977 618 1045 ές
636 980 683 1048 Vh
706 985 862 1052 ῖμογεροῦ
879 980 1013 1034 Marciani
1031 981 1127 1035 lemma
1149 984 1158 1048 ΙΙ
1177 987 1209 1035 10
1227 1001 1259 1038 τε
1277 996 1319 1035 om
1336 979 1381 1052 Vll

143 1067 174 1116 11
194 1059 285 1127 κυνὸς
302 1059 389 1128 πόδες
407 1064 443 1116 V:
463 1060 550 1129 πόδες
569 1061 657 1129 κυνὸς
673 1065 703 1116 Μ
721 1065 878 1120 Marcianus
896 1067 906 1132 ΙΙ
926 1070 956 1120 13
975 1060 1099 1137 ἔσχατον
1111 1066 1166 1120 VM
1183 1068 1192 1133 ΙΙ
1213 1071 1243 1120 14
1261 1067 1381 1137 φορέου-

143 1165 189 1202 σιν
202 1147 228 1200 V
237 1145 247 1217 ΙΙ
259 1151 290 1201 16
308 1144 344 1204 τὰ
357 1146 382 1199 V
395 1151 404 1214 ΙΙ
415 1146 445 1213 ές
458 1148 487 1199 Μ
499 1148 656 1204 Marcianus
667 1152 676 1217 ΙΙ
695 1154 723 1202 17
743 1145 833 1219 ιάμοις
845 1150 884 1204 V:
903 1145 973 1224 ολμφ
986 1151 1016 1202 Μ
1030 1154 1039 1216 ΙΙ
1054 1155 1084 1205 19
1102 1145 1248 1221 ἀόριχόοιο
1265 1151 1294 1202 Μ
1308 1151 1381 1205 Mar·

144 1232 251 1298 cianus,
269 1226 394 1304 ῧδροχοό
413 1234 438 1286 V
452 1234 461 1301 ΙΙ
475 1238 515 1300 19,
529 1237 561 1288 20
579 1234 830 1305 περιτελλομένοιο
851 1237 940 1291 ποσοί
957 1254 989 1292 τε
1006 1239 1055 1290 καὶ
1072 1239 1183 1306 κεφαλῇ
1200 1251 1244 1288 om
1263 1235 1295 1287 V.

234 1440 271 1504 V.
288 1442 350 1503 625
373 1431 663 1526 «ἕοχατον-οἰνρήν»
684 1462 743 1524 pro
765 1438 905 1527 ἐσχάτην
934 1462 1005 1508 cum
1028 1442 1205 1523 Marciano,
1236 1449 1270 1507 ut
1292 1463 1323 1507 v.
1341 1445 1381 1506 60

146 1537 284 1624 «νειάτῳ
301 1533 395 1626 οὐρῇ»
410 1562 469 1625 pro
485 1539 593 1626 νεάτῃ.
632 1532 809 1625 Utrumque
825 1543 958 1610 Vossius
973 1544 1165 1609 coniecturis
1180 1562 1383 1610 summovere

146 1644 364 1709 audacissime
380 1651 512 1710 conatus
529 1651 585 1710 est.
618 1644 710 1710 Idem
725 1646 842 1711 frustra
856 1645 1043 1711 sollicitavit
1060 1646 1171 1728 hymni
1187 1645 1219 1709 in
1232 1644 1382 1711 Cererem

147 1746 313 1811 Homerici
329 1766 457 1812 versum
475 1750 534 1809 157
557 1742 655 1809 «κατὰ
671 1743 861 1828 πρώτιστον
885 1737 1044 1832 ὀπωπήν»
1062 1740 1179 1829 ‘primo
1202 1737 1382 1829 adspectu'.

147 1843 293 1931 «θερμὸς
317 1838 452 1930 ἀυτμή»,
476 1844 606 1922 «κλυτὸς
625 1842 877 1929 Ἱπποδάμεια»,
901 1839 1105 1923 «ὀλοώτατος
1127 1840 1227 1935 ὀδμή»
1249 1848 1322 1924 (Od.
1339 1848 1384 1913 IV

148 1951 222 2024 442)
247 1950 410 2032 congessit
432 1949 622 2032 Rudolphus
646 1950 818 2015 Muellerus
844 1943 908 2014 ‘De
931 1950 1131 2015 Lesbonacte
1155 1941 1379 2032 grammatioo'

148 2050 285 2135 (Gryph.
305 2053 398 2129 1890)
421 2071 452 2134 p.
470 2055 519 2115 57.
565 2053 719 2117 Mittimus
750 2053 816 2116 alia
849 2052 1008 2133 exempla.
1053 2052 1208 2134 Apertum
1242 2059 1307 2135 est,
1341 2052 1383 2117 ab

148 2157 250 2237 epicis
274 2153 467 2235 quibusdam
490 2155 594 2235 poetis
624 2161 655 2218 et
677 2153 833 2236 positivas
860 2160 892 2219 et
914 2153 1127 2235 superlativas
1149 2154 1384 2218 adiectivorum

147 2259 266 2322 formas
290 2255 449 2320 interdum
467 2254 591 2321 duabus
606 2255 880 2321 terminationibus
898 2256 1061 2335 contineri,
1086 2254 1159 2321 hinc
1174 2257 1228 2320 vel
1251 2255 1385 2320 vitanda

149 2349 303 2425 didicisse
326 2359 469 2422 Aratum.

232 2461 284 2525 De
300 2478 395 2525 versu
413 2459 473 2522 633
487 2459 571 2522 inter
584 2458 850 2540 locupletissimos
866 2465 964 2525 testes
977 2464 1066 2523 tanta
1078 2459 1199 2524 exarsit
1210 2459 1382 2540 contentio,

148 2569 180 2628 ut
201 2563 267 2628 nisi
291 2581 333 2626 ex
355 2560 546 2627 auctoritate
569 2559 750 2625 discernere
773 2579 925 2642 nequeas.
970 2553 1080 2642 «ὤμῳ»
1103 2580 1176 2625 cum
1198 2560 1230 2623 M
1244 2558 1384 2625 Achillis

147 2664 341 2744 Marcianus,
365 2657 510 2742 «ὤμοις»
533 2661 561 2725 V
577 2669 610 2727 et
624 2661 802 2744 Hipparchi
817 2661 1025 2745 paraphrasis
1041 2664 1133 2743 (quos
1149 2662 1383 2744 praeferimus),

149 2765 254 2846 «χερσὶ
278 2764 335 2827 καὶ
357 2757 477 2845 ὤμοις»
499 2764 591 2828 latini
617 2764 776 2847 legebant.
819 2764 909 2829 More
938 2764 1048 2845 solito,
1078 2782 1118 2829 ne
1149 2763 1303 2828 iudicium
1332 2783 1383 2828 co·

149 2865 304 2948 gnitionis
327 2866 521 2948 impediatur
543 2866 670 2948 inopia,
697 2866 904 2948 proponimus
927 2885 969 2930 ex
991 2866 1120 2948 optimis
1143 2864 1308 2930 codicibus
1331 2865 1384 2939 (de

149 2969 266 3052 quihus
290 2968 366 3033 vide
389 2967 518 3051 capii)
543 2967 721 3050 Hipparchi
744 2968 785 3033 de
809 2967 964 3035 hocloco
987 2968 1291 3032 commentariolum.

234 3171 267 3235 Π
289 3191 320 3253 p.
337 3172 438 3235 22οΕ
471 3174 625 3256 κέχρηται
655 3169 691 3234 δέ
720 3169 827 3254 τούτῳ
857 3173 905 3254 τη]
936 3168 1077 3255 σχήματι
1105 3172 1163 3258 της
1194 3167 1339 3255 ἐκφορᾶς
1366 3164 1383 3235 ὁ

147 3265 292 3355 Ἄρατος
314 3275 370 3337 καὶ
394 3270 451 3338 ἐπὶ
474 3274 534 3336 τοῦ
553 3265 722 3355 Ἔνγόνασι
745 3272 847 3355 λέγων
871 3262 976 3347 οὕτως
999 3275 1040 3350 (v.
1058 3274 1256 3348 618—622J·

817 3376 877 3438 τοῦ
899 3373 960 3455 μὲν
983 3365 1032 3457 ἀρ’
1060 3372 1113 3460 οἵη

280 3472 384 3561 κνήμη
409 3473 468 3540 σὺν
490 3475 626 3561 Χηλῇσι
649 3479 825 3561 φαείνεται
849 3468 1093 3562 ἀμφοτέρῃσιν·

282 3569 381 3653 αὐτὸς
405 3570 436 3641 d'
463 3575 511 3653 εἰς
532 3574 680 3663 κεφαλὴν
704 3576 754 3642 ἐ’τι
777 3602 842 3641 που
865 3581 1090 3661 τετραμμένος
1113 3569 1195 3662 ἀλλη

280 3683 448 3763 Σκορπλον
472 3671 672 3745 ἀντέλλοντα
693 3682 787 3761 μένει
809 3681 863 3744 καὶ
887 3679 1010 3767 ῥύτορα
1036 3677 1157 3755 Τόξου·

281 3782 314 3845 οἳ
335 3780 397 3866 γάρ
420 3806 478 3863 μιν
502 3785 692 3873 φορέουσιν.

146 3885 219 3948 τῶν
247 3879 309 3967 γὰρ
332 3883 456 3970 Χηλῶν
486 3874 675 3966 ἀρχομένων
705 3876 896 3948 ἀνατέλλειν
924 3881 983 3947 τὸν
1008 3882 1145 3970 Βοώτην
1176 3883 1280 3969 φησὶν
1309 3873 1388 3947 ὅλον

148 3977 411 4049 ἀνατεταλκέναι
432 3985 488 4049 καὶ
511 3982 570 4069 τὴν
592 3981 714 4069 Ἀργώ,
745 3987 805 4049 τοῦ
835 3984 870 4049 δέ
885 3976 1007 4069 “deov
1030 3983 1071 4048 τά
1096 3982 1183 4067 πρὸς
1205 3981 1263 4071 τὴν
1287 3975 1388 4067 οάράν

146 4083 256 4169 μόνον
279 4079 346 4150 ὑπὸ
370 4089 429 4171 γης
453 4083 553 4165 εἶναι,
583 4080 841 4151 ἀνατεταλκέναι
864 4086 899 4150 δὲ
922 4089 982 4151 του
1001 4079 1172 4170 Ἑνγόνασι
1193 4084 1252 4170 τὴν
1276 4082 1388 4162 δεξιὰν

146 4185 277 4274 κνήμην
298 4185 402 4268 μόνον
426 4185 488 4264 ἕως
509 4189 569 4252 τοῦ
590 4186 747 4271 γόνατος,
778 4185 815 4253 τὸ
842 4187 877 4253 δὲ
909 4186 1031 4254 λοιπὸν
1055 4181 1157 4252 αὐτοῦ
1180 4190 1277 4270 σῶμα
1299 4184 1388 4271 πλὴν

147 4291 209 4370 τῆς
241 4282 419 4375 ἀριστερᾶς
444 4287 556 4376 χειρὸς
587 4288 635 4354 ἐ’τι
665 4283 732 4354 ὑπὸ
762 4292 821 4377 γης
851 4285 937 4356 εἶναι
965 4293 1024 4354 τοῦ
1048 4294 1215 4373 Σκορπέου
1239 4288 1325 4372 πρὸς
1346 4291 1389 4374 τῇ
