3174 5160
301 362 323 416 I.
342 361 394 416 Du
412 362 574 417 ACHILLE
593 363 839 419 GRAMMATICO
858 364 973 418 ARATI
991 365 1241 419 INTERPRETE.
1351 364 1389 422 57

149 533 263 621 πλήρη
294 539 483 620 φαίνεσθαι
512 531 614 621 αότήν
649 535 757 602 α’ίτιαι
790 541 939 620 γίνονται
967 535 1051 601 ποτὲ
1085 535 1121 600 δὲ
1152 535 1247 601 ἐνδεᾶ
1278 535 1393 624 φωτός

150 633 251 702 εἶναι.
291 634 407 719 ώοπερ
429 633 493 721 γάρ
516 636 546 702 εἰ
567 636 755 720 κάτοπτρον
772 636 883 720 λαβών
905 662 957 714 τις
980 637 1096 704 ἐθέλοι
1116 635 1176 727 τήν
1200 632 1264 703 ἀπ’
1292 631 1394 704 αότοῦ

110 752 125 799 5
151 732 400 804 άντανάκλαοιν
422 741 482 803 τοῦ
505 737 645 804 εἰδώλου
660 732 872 817 θεάσασθαι,
897 738 932 815 ἐξ
954 738 1106 817 ἐναντίας
1128 744 1187 806 τοῦ
1203 739 1392 823 προσώπου

150 833 256 904 αὐτοῦ
279 837 340 924 τήν
362 844 462 906 θέσιν
484 843 543 904 τοῦ
565 839 755 923 κατόπτρου
779 839 1016 926 ποιήσεται-
1036 846 1136 907 τοῦτο
1158 841 1220 931 γάρ
1245 842 1393 931 ποιήσοις

150 939 231 1010 όλον
262 939 300 1007 τδ
331 940 518 1027 πρόσωπον
550 937 651 1006 αὑτοῦ
680 939 849 1007 θεάσεται
876 941 910 1006 ἓν
938 946 986 1028 τῴ
1014 943 1193 1029 κατόπτρῳ
1221 981 1263 990 -
1296 943 1326 1010 εἰ
1356 944 1392 1009 δὲ

151 1042 355 1128 πλαγιάοειε
384 1042 422 1108 τό
446 1042 651 1127 κάτοπτρον,
681 1041 769 1123 πρός
797 1043 855 1110 τδν
886 1043 1100 1129 πλαγιαομδν
1121 1034 1143 1131 ἢ
1165 1045 1224 1133 τήν
1248 1046 1391 1130 ἔγκλισιν

151 1148 213 1210 τοῦ
234 1144 428 1228 κατόπτρου
450 1133 471 1229 ή
494 1143 530 1209 τό
556 1144 708 1227 δίμοιρον
730 1135 803 1232 ήτδ
821 1140 923 1231 ήμιου
946 1137 1084 1232 ήβραχό
1099 1173 1133 1212 τι
1147 1155 1249 1229 μέρος
1271 1147 1391 1221 τούτου

103 1261 130 1310 10
152 1246 320 1311 θεάσεται
343 1240 636 1328 άντανακλώμενον
662 1247 733 1333 [τοῦ
755 1247 942 1331 προσώπου
967 1242 1096 1334 αότοόλ,
1119 1253 1178 1314 του
1201 1249 1392 1334 κατόπτρου

154 1348 394 1433 ἑγκλινομένου.
441 1341 526 1413 odoro
554 1352 610 1414 καὶ
640 1348 698 1414 ἐπὶ
720 1353 779 1435 τής
803 1349 950 1438 σελήνης.
995 1350 1097 1436 ταύτῃ
1121 1354 1161 1436 τῇ
1184 1351 1262 1437 δόξῃ
1287 1350 1392 1417 ἔοικεν
1477 1338 1480 1345 ι

155 1446 296 1534 Ἄρατος
319 1444 532 1516 ἀκολουθεῖν·
557 1453 641 1538 φησὶ
663 1449 725 1536 γάρ
748 1457 790 1528 (v.
808 1455 880 1527 738)

333 1551 399 1617 αἰεὶ
423 1545 455 1615 δ’
484 1547 631 1619 άλλοθεν
654 1548 740 1618 άλλα
763 1552 1030 1636 παρεκκλίνουοα
1054 1553 1225 1637 πρόσωπα

157 1652 193 1719 τό
218 1657 277 1719 τοῦ
299 1653 490 1738 κατόπτρου
513 1655 728 1740 παράδειγμα
753 1648 990 1736 αἰνιττόμενος.

159 1796 162 1803 ’
243 1809 376 1876 3φαιτος
393 1804 436 1858 M:
456 1811 499 1880 τῷ
516 1807 632 1877 φωτὶλλ
654 1809 663 1873 ΙΙ
688 1811 703 1858 4
723 1827 764 1871 τις
782 1823 824 1859 om
843 1807 867 1857 V
888 1809 897 1871 ΙΙ
921 1812 934 1856 ‘l
955 1801 1044 1862 αὐτοῦ
1062 1806 1112 1873 ΜΙΙ
1129 1811 1159 1860 to
1176 1809 1310 1873 glossema
1328 1808 1394 1862 vidit

159 1891 225 1952 Wil;
242 1895 296 1947 τοῦ
314 1911 361 1961 πρ.
381 1923 412 1930 -
434 1897 462 1946 11
482 1890 557 1947 ἐκκλ.
576 1907 619 1945 om
638 1891 689 1958 Ml
706 1897 734 1946 11
754 1890 957 1958 ἐκκλινομὲνου
975 1892 1007 1953 V,
1027 1892 1061 1944 of.
1080 1892 1098 1945 l.
1113 1896 1142 1945 8:
1163 1892 1277 1946 correxi.

243 2081 335 2145 Luna
350 2081 628 2162 «παρακλίνουσα
644 2079 829 2163 πρόσωπα»
843 2075 1010 2145 ‘amovens
1025 2081 1141 2146 faeiem
1157 2082 1190 2144 iu
1206 2083 1304 2146 aliam
1320 2103 1393 2165 par-

160 2175 235 2248 tem'
270 2203 342 2248 oum
368 2184 511 2266 ineptum
540 2185 679 2250 futurum
705 2190 805 2266 esset,
836 2185 937 2266 possit
965 2170 1259 2264 «παρεγκλίνουοα»
1286 2185 1393 2267 scribi,

160 2283 432 2367 quemadmodum
454 2293 551 2350 autea
565 2285 686 2351 diotum
703 2286 859 2367 reperitur
873 2281 1064 2365 κατόπτρου
1082 2280 1224 2366 ἔγκλισις
1241 2291 1273 2349 et
1289 2281 1394 2367 ἐγκλι-

160 2388 308 2466 νομένου.
347 2387 387 2450 ut
402 2386 695 2469 <<παρεγκλίνουοα»
713 2395 743 2451 et
759 2384 1039 2469 «παρακλίνουσα»
1056 2386 1153 2468 (quod
1176 2386 1296 2451 habeut
1311 2387 1394 2453 Mar·
1487 2445 1492 2455 .

160 2489 269 2554 elanus
299 2494 331 2552 et
359 2487 513 2553 Geminus
540 2489 666 2553 Patavii
689 2509 720 2571 p.
738 2491 790 2563 33)
817 2482 988 2553 ‘iuoliuaus
1017 2490 1050 2552 iu
1079 2490 1221 2571 aliquam
1251 2480 1390 2571 partem'

159 2587 328 2672 siguificat.

244 2691 346 2755 Versu
376 2691 490 2757 eodem
513 2688 712 2774 «πρόσωπα»
741 2693 882 2768 (faeiem)
905 2690 1050 2756 thilles
1080 2699 1111 2756 et
1140 2693 1173 2755 iu
1202 2692 1395 2776 paraphrasi

158 2792 333 2859 scholiasta
356 2789 435 2868 (αἰεὶ
460 2790 495 2856 δὲ
519 2786 665 2858 άλλοθεν
689 2787 774 2856 άλλα
793 2791 947 2856 δεικνῦσα
970 2790 1150 2874 πρόσωπα,
1175 2786 1274 2878 ήγουν
1298 2792 1393 2880 εἴδη),

157 2897 327 2975 «μέτωπα»
350 2895 509 2972 (frontem)
525 2896 680 2961 Marciani
702 2901 818 2960 textus.
858 2894 928 2959 Utri
944 2892 1040 2959 fidem
1058 2895 1260 2978 derogemus,
1284 2897 1393 2962 dioere

158 3016 200 3061 ex
228 3002 375 3061 veterum
405 2996 564 3061 sentiendi
598 2997 828 3064 cousuetudine
856 3015 1035 3078 possumus.
1087 2998 1217 3063 Faciem
1249 3000 1282 3062 iu
1316 2999 1394 3063 orbo

157 3099 254 3164 lunae
282 3098 347 3162 illia
376 3117 446 3163 sese
475 3099 630 3164 obtulisse
658 3097 825 3164 Plutarchi
855 3097 950 3162 dooet
979 3099 1117 3164 libellus.
1167 3098 1214 3163 of.
1238 3099 1395 3164 Rosoheri

154 3190 300 3265 ‘Selene'
326 3219 356 3281 p.
374 3202 414 3261 20
427 3219 496 3282 sqq.

735 3368 822 3433 XIV.

244 3520 389 3586 Achillea
412 3541 441 3603 p.
463 3521 565 3584 139h
589 3527 621 3586 et
642 3520 721 3602 περὶ
745 3517 928 3606 ἐξηγήσεως
950 3542 981 3605 p.
999 3525 1060 3585 272
1076 3523 1186 3605 Asqq.
1204 3522 1394 3606 (proemium

155 3630 190 3688 et
212 3643 244 3686 v.
262 3624 443 3698 752—755)
470 3642 568 3705 supra
589 3643 619 3706 p.
640 3628 734 3705 lisq.
758 3625 977 3689 tractavimus.

746 3860 817 3925 XV.

244 4011 389 4078 Achilles
401 4033 432 4095 p.
444 4014 504 4077 158
517 4013 547 4078 D
567 4009 648 4075 όταν
667 4010 703 4075 δὲ
719 4013 798 4098 περὶ
813 4008 872 4075 τόν
888 4003 982 4096 ήλιον
997 4008 1017 4097 ή
1036 4010 1151 4086 κόκλος
1163 4009 1278 4095 (<οἶοι>
1290 4009 1395 4076 ἐνίοτε

153 4113 211 4175 καὶ
238 4109 297 4174 δύο
320 4114 376 4178 καὶ
397 4125 487 4196 τρεῖς
501 4119 661 4196 γίνονται.
696 4105 779 4177 ὅθεν
801 4115 857 4177 καὶ
872 4107 1013 4196 Ἄρατος
1035 4109 1110 4177 εἶπε
1126 4135 1157 4179 v.
1175 4118 1237 4178 816
1257 4108 1395 4201 ίτριέλι-

153 4237 235 4278 κτον
259 4206 410 4301 άλιοήν’),
439 4213 529 4291 άλιος
551 4215 701 4279 καλεῖται
716 4264 723 4279 .
738 4264 745 4279 .
759 4263 767 4278 .
781 4214 814 4278 οἱ
838 4214 873 4278 δὲ
891 4208 959 4278 άπὸ
983 4214 1091 4279 τόπου
1115 4213 1163 4290 εἰς
1185 4214 1293 4280 τόπον
1316 4239 1395 4296 μετ·

155 4313 333 4397 ερχόμενοι
360 4316 541 4381 καλοῦνται
563 4309 719 4403 ήττοντες
740 4318 796 4380 καὶ
826 4314 1024 4402 διᾴττοντες.
1074 4322 1202 4400 γίνεται
1233 4316 1269 4381 δὲ
1297 4319 1394 4381 τοῦτο
