3174 5160
168 337 230 399 380
710 334 862 390 ARATEA

263 513 389 577 Titulos
412 511 565 575 librorum
589 511 684 576 facile
700 529 936 594 recuperamus,
960 507 1134 578 dummodo
1149 513 1319 578 barbaram
1335 532 1406 578 ver·

174 615 264 680 tendi
294 612 557 679 consuetudinem
587 613 683 677 anxie
714 614 855 678 secteris.
900 632 990 695 qnae
1020 609 1186 674 vedentur
1215 633 1331 696 graece
1358 619 1408 681 est

174 713 379 802 (μαινόμενα,
416 713 456 774 de
485 709 713 774 exornatione
747 714 826 794 περὶ
856 712 991 795 κόσμου.
1044 713 1130 792 Quid
1157 716 1259 782 semel
1287 715 1409 780 dixerit

174 812 447 901 ethymologiam,
472 816 586 880 iterum
597 812 856 897 proprietatem,
880 823 986 898 potest
1001 836 1059 900 per
1074 837 1108 882 se
1124 817 1282 882 dubitari:
1305 813 1408 880 ποιό-

174 943 258 1005 τητα
282 915 471 1002 οἰκειότητα
496 909 649 1002 ἰδιότητα
670 919 889 1000 proponimus.
933 938 1132 979 sermonum
1159 918 1252 984 nobis
1274 918 1410 984 monstri

175 1023 276 1087 instar
299 1025 364 1099 est,
389 1026 421 1084 et
443 1019 562 1084 accidit
591 1039 744 1102 prospere
769 1027 888 1085 utnon
911 1021 1081 1104 repetitum
1103 1022 1154 1086 sit.
1192 1021 1279 1103 Ergo
1302 1021 1411 1086 scriba

176 1122 304 1187 videtur
328 1122 508 1203 exprimere
539 1123 681 1187 voluisse
712 1122 845 1187 liberius
868 1122 954 1203 quod
978 1129 1126 1187 accurate
1155 1129 1188 1188 et
1209 1121 1251 1187 ad
1275 1122 1411 1186 verbum

177 1225 324 1307 nequiret
378 1225 495 1288 Totam
518 1224 759 1304 inscriptionem
782 1224 914 1288 iamiam
937 1226 982 1289 ita
1004 1225 1204 1307 refingimus:

332 1339 366 1405 ἐκ
394 1344 461 1405 των
480 1335 741 1426 Ἐρατοσθένους
770 1344 877 1423 «Περὶ
904 1341 1029 1423 κόσμου
1055 1345 1112 1407 καὶ
1138 1341 1321 1428 ποιότητος
1343 1344 1411 1407 τῶν

334 1446 566 1530 φαινομένων»
594 1445 648 1506 καὶ
669 1438 853 1525 Ἱππάρχου
882 1446 989 1528 «Περὶ
1019 1448 1184 1529 μεγέθους
1209 1447 1265 1510 καὶ
1288 1441 1410 1510 συντό-

334 1545 414 1622 ξεως
436 1547 502 1608 τιῖιν
527 1537 688 1608 όιπλανιῦν
712 1538 889 1631 ἀστέρων».

180 1667 324 1733 Haecin
349 1666 533 1730 universum
557 1665 637 1730 scito
661 1665 836 1747 copiosiori
859 1666 1022 1748 quondam
1046 1668 1231 1749 eclogarum
1255 1687 1297 1732 ex
1326 1672 1413 1731 utro-

181 1790 244 1853 que
267 1777 451 1833 astronomo
475 1777 699 1848 excerptorum
723 1769 870 1851 syllogae
892 1768 1037 1850 praefixa
1056 1769 1164 1836 fuisse.
1203 1767 1297 1846 Quod
1314 1767 1414 1834 hodie

182 1872 403 1953 subsequitur,
435 1868 468 1932 id
498 1869 698 1934 solummodo
725 1870 767 1934 ad
797 1870 933 1952 primam
959 1891 1041 1953 quae
1064 1892 1127 1937 una
1150 1872 1305 1937 remansit
1325 1871 1359 1935 in
1382 1870 1415 1935 II

181 1975 373 2059 particulam
395 1971 536 2059 pertinet
557 1970 809 2053 Hipparcheam.
854 1972 1025 2039 Manifesta
1048 1974 1145 2054 igitur
1168 1974 1295 2039 seclusa
1316 1973 1413 2037 inter·

182 2075 347 2160 polatione
371 2072 453 2138 haec
475 2075 616 2139 assecuti
639 2094 763 2139 sumus:

337 2194 422 2273 Περὶ
461 2194 526 2254 των
561 2195 836 2275 περιεχομένωνῧ)
873 2184 957 2255 καθ’
991 2183 1178 2276 Ἵππαρχον
1219 2189 1284 2278 [καὶ
1321 2185 1416 2276 Ἐρα-

336 2291 506 2380 tondeant

270 2415 369 2479 Miros
403 2416 541 2497 primum
576 2432 634 2478 nos
671 2413 783 2477 habuit
817 2413 1039 2480 Eratosthenis
1072 2416 1183 2481 titulus
1217 2415 1325 2497 «Περὶ
1357 2409 1417 2478 κό-

186 2539 270 2597 σμου
293 2517 393 2593 κτα»,
417 2516 474 2580 sed
498 2515 608 2579 mirari
637 2535 711 2578 mox
736 2515 912 2581 desivimus
946 2518 1105 2600 exemplis
1139 2517 1256 2584 edocti.
1300 2516 1418 2600 Neque

186 2621 271 2685 enim
295 2619 414 2683 nudam
436 2617 504 2697 sed,
532 2624 567 2680 ut
588 2616 631 2680 ad
654 2617 840 2699 primarium
865 2624 896 2681 et
919 2620 1066 2684 latiorem
1088 2618 1303 2701 significatum
1325 2639 1417 2685 acce·

187 2725 278 2787 deret
299 2722 443 2804 propius,
466 2720 618 2801 genetivo
642 2726 769 2782 auctam
786 2717 911 2800 κόομος
927 2741 1038 2786 vocem
1054 2722 1162 2804 posuit
1176 2721 1417 2788 Eratosthenes.

188 2825 300 2888 Solent
333 2843 374 2888 ex
405 2828 496 2905 parte
525 2823 571 2885 ita
593 2822 726 2904 antiqui.
772 2814 892 2885 ἐνθάδ’)
926 2816 942 2885 ὁ
975 2825 1135 2887 πλεῖστον
1165 2816 1330 2909 ἀληθείας
1359 2820 1419 2886 ἐπὶ

188 2931 292 3007 τέρμα
322 2925 473 3008 περήσας
503 2916 659 3003 οὐρανίου
688 2921 814 3004 κόσμου
836 2937 945 2989 κεῖται
965 2917 1189 3008 Ἀναξαγόρας
1212 2932 1310 3008 poeta
1331 2924 1421 3009 apud

188 3031 359 3096 Aelianum
380 3022 432 3092 ‘V.
457 3018 512 3092 Η.)
539 3027 616 3090 VIII
642 3033 689 3093 ts.
727 3027 773 3088 ln
795 3048 863 3110 qno
885 3026 921 3089 σι’
939 3034 1098 3090 aeererote
1122 3050 1193 3091 rem
1210 3029 1419 3112 perpendat,

187 3153 254 3196 vox
275 3130 401 3211 κόσμου
432 3151 501 3191 non
532 3129 797 3191 toretmundum
828 3151 933 3212 qnam
962 3150 1066 3192 senon
1090 3129 1235 3214 ontr'qno
1261 3129 1421 3193 ardonem

188 3232 393 3318 srgnrfieore
420 3235 548 3314 potest,
582 3229 675 3292 stent
707 3229 746 3292 r'n
778 3229 967 3315 Enrrpr'dr‘s
986 3231 1044 3315 fr.
1079 3231 1145 3294 znc.
1167 3237 1203 3316 p.
1228 3236 1267 3294 26
1307 3231 1421 3296 Volck.

189 3343 243 3414 (=
265 3338 303 3400 fr.
320 3341 382 3401 eto
398 3336 466 3418 ΝΣ),
490 3335 577 3417 quod
601 3340 650 3399 est
672 3333 713 3399 de
744 3335 857 3399 eodem
880 3335 1105 3418 Anaxagoratz
1135 3328 1310 3400 ἀθανάτου
1332 3339 1421 3399 καθ-

192 3440 279 3521 ορῶν
303 3434 436 3521 (μόσεως
458 3435 582 3517 κόσμον
607 3428 753 3523 ἀγήρων,
779 3437 828 3521 πῇ
851 3459 886 3499 τε
910 3439 1047 3521 συνέστη
1070 3437 1126 3500 καὶ
1150 3427 1218 3522 ὅπη
1241 3438 1296 3500 καὶ
1327 3433 1423 3511 ὅπως

190 3540 337 3606 Naekius
351 3531 491 3621 ‘Opuso'
510 3539 526 3603 Ι
540 3559 572 3621 p.
589 3541 639 3602 21.
677 3536 842 3598 Mnndns
864 3536 955 3599 coelr'
970 3542 1089 3600 vostns
1105 3535 1262 3600 constitit
1281 3535 1424 3599 silentio

190 3642 313 3706 Ennius
343 3641 380 3704 fr.
404 3644 465 3704 467
483 3640 519 3705 Β.
571 3639 686 3724 Operis
720 3641 929 3722 nobilissimi,
964 3642 1051 3724 quod
1080 3642 1121 3707 de
1154 3643 1244 3708 caelo
1278 3640 1424 3707 condidit

193 3741 433 3823 Eratosthenes,
456 3743 583 3807 titulum
606 3742 713 3808 adhuc
737 3744 978 3824 ignorabamus:
1001 3744 1130 3809 tandem
1154 3763 1173 3809 e
1195 3742 1336 3811 tenebris
1357 3742 1423 3807 luci

193 3846 338 3912 redditus
379 3846 484 3911 lucem
519 3853 551 3910 et
585 3846 653 3927 ipse
687 3845 865 3910 adferendo
897 3847 1021 3912 litteras
1054 3846 1231 3911 adiuvabit.
1286 3844 1425 3908 Inferius

194 3955 321 4034 praeter
344 3948 541 4014 voluntatem
565 3949 659 4014 nobis
681 3949 723 4013 ad
740 3947 936 4013 vindicanda
955 3938 1140 4014 ‘Analecta'
1166 3954 1275 4012 nostra
1293 3946 1423 4011 venien·

281 4140 301 4200 ⁵)
320 4134 553 4208 περιερχομένων
564 4132 697 4186 convertit
705 4132 815 4197 latinus,
829 4146 890 4184 cum
903 4137 966 4185 ante
976 4132 1070 4187 oculos
1080 4132 1192 4184 baberet
1201 4130 1424 4203 περιεχομένων.

194 4224 274 4277 Fecit
291 4222 318 4275 id
337 4220 496 4282 identidem,
516 4219 588 4272 velut
605 4218 667 4272 adn.
688 4223 711 4273 2.
748 4218 791 4272 Ita
814 4216 927 4284 legendo
952 4217 1121 4271 commiscuit
1146 4210 1245 4283 ὀιστός
1264 4222 1290 4270 et
1309 4209 1325 4271 ὃ
1345 4210 1426 4280 ἱστός

194 4310 255 4362 alia.
