3174 5160
494 369 528 423 ΙΙ.
547 369 599 422 DE
616 370 732 425 ARATI
750 372 885 427 coutet:
903 373 1147 430 fltrrnttcfluc.
1394 379 1432 438 87

290 549 320 607 4.
341 541 374 605 Η
390 561 422 624 p.
438 542 543 606 218102
572 543 631 606 τοῦ
660 541 696 607 δὲ
725 541 881 620 Λέοντος
910 537 1092 628 ἀρχομένου
1121 539 1353 614 donastistae
1377 549 1438 632 μὲν

199 636 344 725 ’Ἀρατός
366 665 451 728 φησι
473 648 516 722 (v.
534 647 717 722 590—595)
737 644 780 708 τά
801 670 838 711 τε
861 644 920 711 σὺν
942 650 991 731 τῷ
1014 653 1168 734 Καρκλνῳ
1192 649 1361 717 δεδοικέναι
1382 652 1439 716 καὶ

205 741 263 808 τὸν
276 736 402 823 itata,
425 747 485 809 τοῦ
507 739 796 830 ὁὲἘννο<ύ>νασιν
818 745 869 813 ἔτι
891 746 949 813 τὸν
973 742 1148 833 ἀριστερὸν
1170 751 1263 817 πόδα
1284 753 1341 818 καὶ
1361 751 1439 836 γόνυ

207 838 472 926 ἀπολείπεσθαι,
495 845 538 911 τὰ
562 847 598 913 δὲ
615 845 720 913 λοιπὰ
738 847 917 927 ὁιδακὲναι,
935 842 1127 917 ἀνατέλλειν
1151 851 1267 941 δὲτὴν
1290 853 1438 941 κεφαλὴν

175 951 261 1016 5τοῦ
284 946 403 1031 Ὓόροο
426 951 482 1014 καὶ
507 947 565 1014 τὸν
588 948 739 1034 Λαγιοὸν
768 952 825 1016 καὶ
854 950 912 1017 τὸν
935 951 1092 1036 Πρόκονα
1121 956 1175 1019 καὶ
1203 954 1280 1030 τοὺς
1311 953 1438 1039 ἐμπρο-

208 1055 325 1126 σθίους
340 1048 453 1125 πόδας
467 1054 525 1115 τοι)
542 1046 662 1128 Κυνός.
692 1054 740 1136 τῴ
756 1051 792 1116 δὲ
812 1051 938 1138 Άράτιμ
953 1048 1080 1135 ὁμοίως
1102 1057 1156 1120 καὶ
1181 1051 1327 1134 Εὔδοξος
1350 1050 1438 1122 ἄτιο-

208 1158 371 1238 patuerat.
395 1153 443 1219 Cf.
466 1153 585 1220 Achill.
608 1156 652 1220 IV
675 1176 773 1239 supra
795 1176 826 1239 p.
844 1160 895 1220 tt.

289 1290 305 1339 2
324 1289 409 1356 φησὶν
421 1286 444 1339 L
458 1289 467 1354 [Ι
481 1292 530 1350 2‚3
548 1292 597 1342 καὶ
616 1284 670 1344 τὸν
685 1282 780 1345 λιτόν
792 1287 890 1354 scripsi
908 1302 942 1340 ex
954 1291 1043 1343 Arato
1062 1307 1085 1343 v.
1100 1296 1164 1343 591:
1183 1295 1232 1346 καὶ
1244 1287 1327 1346 τόνδε
1340 1287 1393 1346 τόν
1405 1291 1438 1353 V,

209 1368 350 1428 λελυκέναι
369 1375 508 1439 (sequente
527 1377 560 1424 14
579 1372 636 1426 fere
654 1373 807 1426 litterarum
824 1373 933 1436 lacuna)
952 1376 1005 1429 τοῦ
1022 1372 1080 1446 cry.
1098 1375 1168 1440 (sine
1186 1371 1225 1438 δέ)
1245 1376 1277 1429 L.

289 1545 379 1610 Inter
402 1565 431 1609 u.
448 1547 511 1608 612
538 1552 570 1611 et
592 1548 655 1610 613
682 1547 715 1609 in
744 1545 926 1610 recentibus
955 1545 1121 1613 codicibus
1150 1549 1286 1615 insertus
1315 1554 1365 1614 est
1387 1545 1440 1613 hic

210 1648 382 1714 versiculus
409 1643 554 1726 (μόνον)
584 1643 693 1711 δεινὸν
724 1637 910 1731 ἐφεστρῶτ’
932 1638 1127 1731 Ὀφιοὺχεα·
1151 1650 1210 1712 τοῦ
1233 1648 1293 1729 μὲν
1320 1647 1439 1714 ἔπειτα

210 1750 257 1814 vel
277 1748 429 1813 insolenti
444 1751 583 1814 nominis
598 1750 711 1830 forma,
736 1768 819 1832 quae
842 1750 904 1814 nisi
918 1740 1093 1834 Όιμιοῦχος
1108 1769 1271 1832 nunquam
1289 1757 1337 1816 est
1351 1749 1438 1832 apud

210 1847 387 1932 Aratum),
422 1858 597 1934 suspectus.
651 1849 809 1916 Omittunt
840 1853 1018 1917 rectissime
1052 1871 1123 1916 cum
1158 1852 1338 1916 Marcianus
1371 1859 1437 1915 tum

210 1951 419 2035 Hipparchus.

289 2054 327 2118 V.
345 2053 628 2136 octingentorum
645 2055 807 2120 sinistrum
823 2055 942 2138 pedem
965 2055 1081 2120 dicitur
1095 2054 1237 2119 nondum
1252 2054 1439 2119 subuertere

209 2159 421 2237 κυμαίνοντος
443 2189 485 2199 -
511 2145 690 2220 Ὠκεανοῖο.
742 2155 838 2234 Quod
867 2178 939 2223 cum
976 2176 1144 2240 perperam
1179 2157 1440 2238 interpretaretur

209 2257 338 2323 Vossius
352 2249 407 2321 ‘ex
423 2255 554 2322 Oceano
570 2249 760 2341 spumanti',
783 2259 931 2324 laborare
948 2260 1054 2324 locum
1077 2265 1109 2323 et
1123 2256 1252 2322 medela
1267 2276 1437 2338 procuran-

209 2358 279 2423 dum
304 2376 376 2424 esse
399 2360 567 2424 nuntiavit.
607 2360 691 2425 Nam
716 2362 775 2426 etsi
792 2362 959 2426 uerissime
983 2360 1068 2425 dixit
1088 2352 1232 2439 θάμνων
1254 2352 1439 2422 ὑπεδύσετο

209 2459 264 2526 Od.
289 2460 334 2524 VI
358 2463 417 2523 127
442 2479 513 2526 esse
531 2454 587 2526 ‘ex
616 2462 765 2545 virgultis
795 2453 995 2546 submersit',
1018 2462 1121 2527 noluit
1143 2467 1252 2526 tamen
1273 2461 1440 2527 attendere

208 2562 384 2628 factitivam
408 2563 497 2628 uerbi
519 2562 601 2628 finiti
624 2570 815 2630 structuram
839 2566 1001 2646 Arateam‚
1026 2585 1091 2647 qua
1113 2565 1244 2647 cognita
1265 2564 1311 2629 ita
1333 2561 1439 2647 potius

209 2663 397 2729 vertendum
412 2683 483 2730 esse
498 2672 602 2748 patet:
620 2659 693 2732 ‘sub
716 2672 887 2749 spumante
904 2664 1034 2731 Oceano
1051 2667 1147 2730 vertit
1161 2684 1245 2747 genu
1269 2673 1301 2730 et
1322 2664 1439 2748 pedem

210 2755 420 2842 sinistrum'2).
450 2767 599 2850 Denique
614 2758 693 2848 κῦμ’
712 2764 884 2842 οἰδοῦντος
900 2767 1091 2833 Vossianum
1108 2767 1236 2850 perdita
1252 2785 1351 2850 opera
1365 2787 1439 2849 pro-

210 2887 318 2932 cusum
343 2885 414 2933 esse
437 2869 644 2951 probatorum
667 2870 796 2935 testium
821 2889 995 2935 consensus
1018 2869 1226 2934 demonstrat.

297 3000 315 3062 ¹)
333 2998 420 3052 Extra
438 3015 547 3053 carmen
560 3001 690 3054 Arateum
703 3017 768 3055 num
782 3000 868 3054 falsae
881 3001 985 3054 formae
997 2993 1156 3070 Ὀφκοοχεύς
1173 3001 1339 3068 patrocinari
1350 2999 1440 3068 possis

208 3084 329 3153 exemplo
347 3078 616 3158 ἡνίοχος-ἧνιοχεύς,
635 3085 800 3139 haesitamus
820 3085 974 3139 admodum.

294 3171 314 3234 ²)
333 3169 439 3224 Monuit
457 3170 690 3224 Wilamowitzius.

293 3445 309 3510 Ι
329 3466 361 3528 p.
379 3445 481 3512 19οΒ
504 3442 608 3509 πάλιν
636 3468 673 3508 τε
695 3439 712 3509 ὁ
737 3437 878 3527 Ἄρατος
901 3441 935 3507 ἐν
963 3455 1035 3519 τοῖς
1063 3439 1138 3530 ἑξῆς
1167 3433 1279 3525 ἀγνοεῖ
1302 3437 1359 3505 ἐντὶ
1381 3442 1441 3504 τοῦ

198 3539 362 3629 Ὄρνιθος
384 3545 488 3630 λέγων
512 3546 557 3630 (v.
574 3549 776 3629 276-277)·

413 3640 488 3712 ἄλλ’
515 3646 616 3730 ὃμὲν
638 3641 776 3736 ἠερόεις,
801 3644 843 3711 τὰ
868 3645 904 3710 δέ
926 3645 959 3711 οἱ
983 3644 1042 3712 ἕντι
1064 3644 1278 3730 τετρήχονται

416 3741 579 3833 ἇστράσιν
604 3745 677 3816 οὔτι
700 3752 773 3838 λίην
795 3748 963 3833 μεγάλοις,
988 3741 1074 3831 ἀτὰρ
1098 3740 1136 3812 οὗ
1159 3746 1219 3828 μὲν
1244 3738 1418 3831 ἆιμααροῑς.

167 3878 182 3926 5
205 3853 262 3915 καὶ
285 3849 349 3934 γὰρ
371 3850 518 3928 πολλοὺς
539 3854 592 3918 καὶ
617 3850 791 3938 λαμπροὺς
816 3843 960 3935 ἆστὲρας
983 3850 1049 3932 ’ἔχει
1071 3845 1088 3913 ὁ
1107 3843 1229 3930 Ὄρνις.

295 3979 366 4039 eim
375 3980 559 4056 τετρήχανται
568 3986 694 4041 Vossius:
705 3981 938 4057 ἐπιτετρὴχννται
949 3985 971 4037 L
980 3986 991 4016 ⁸
1000 3984 1157 4036 Marcianus
1161 4021 1299 4048 .......
1311 3997 1397 4048 χαται
1407 3975 1441 4043 L,

205 4065 441 4141 ἐπιτετρὴχηνται
460 4070 492 4126 V.

295 4205 414 4274 Contra
428 4210 639 4276 recentiorum
660 4210 851 4293 scripturam
874 4203 998 4290 »πτερὰ
1014 4201 1242 4288 τετρήχανταικ
1262 4200 1442 4289 Hipparchi

209 4315 242 4373 et
257 4308 413 4374 Marciani
436 4309 534 4377 efficit
549 4312 731 4394 concordia,
755 4315 790 4376 ut
813 4306 900 4374 «ἔτι»
924 4331 953 4375 v.
970 4311 1033 4373 276
1050 4306 1212 4373 edendum
1233 4307 1284 4375 sit
1322 4304 1441 4372 Natum
