3174 5160
712 335 864 388 ARATEA

733 509 845 572 XXIX

261 629 274 692 I
297 648 327 711 p.
346 626 449 691 2050
473 627 550 692 Post
573 626 719 708 eclogam
743 626 917 692 XXXVIII
939 647 1037 710 supra
1057 648 1088 709 p.
1109 632 1168 690 104
1196 629 1303 710 porgit
1325 628 1405 710 Hip-

172 728 327 812 parchus:
352 722 369 792 ὃ
395 726 429 791 δὲ
447 728 665 797 ΕΥΔΟΞΟΣ
677 723 718 789 τὰ
742 726 802 807 μὲν
826 720 910 790 άλλα
934 722 1060 809 ὁμοίως
1083 726 1192 814 εἴρηκε
1215 729 1269 806 (de
1285 727 1407 811 Aquila

173 833 315 912 Aratea),
338 832 403 893 των
427 829 461 893 δὲ
478 830 601 914 Χηλιῦν
621 825 662 892 τά
685 832 772 910 μέσα
788 831 892 913 φησὶν
909 827 965 893 ε’πὶ
982 832 1042 893 τοῦ
1058 828 1250 916 ἰσημερινοῦ
1265 834 1406 895 κεῖσθαι

174 934 232 996 τοῦ
262 924 293 995 τ)
326 924 441 994 Άετου
470 928 529 1015 τὴν
559 922 738 1017 ἀριστεράν
766 935 929 1014 πτέρυγα,
962 933 1021 995 τοῦ
1052 930 1087 996 δὲ
1107 923 1232 997 Ἵππου
1261 932 1315 996 καὶ
1346 928 1407 1015 τὴν

172 1026 295 1119 ὀσφῦν,
319 1036 374 1098 καὶ
398 1032 447 1097 ἔτι
470 1036 536 1097 των
554 1025 694 1113 Ἰχθύων
716 1029 775 1095 τὸν
796 1030 1007 1114 βορειότερον
1031 1026 1156 1099 αὐτῶν.
1430 1047 1444 1094 5

262 1171 276 1218 2
296 1163 407 1238 εἴρηκεν
425 1167 447 1218 L
471 1168 479 1232 I!
500 1171 516 1218 4
535 1185 566 1220 τε
584 1165 607 1217 L
630 1165 639 1232 ΙΙ
661 1165 758 1221 αἰετοῦ
776 1167 808 1230 L,
827 1173 857 1219 ut
875 1167 992 1234 saepius.

259 1323 331 1388 Non
355 1322 477 1389 dixeris
500 1321 631 1386 differre
652 1320 787 1386 Aratum
809 1321 854 1401 (v.
872 1326 932 1385 522
946 1325 1029 1405 sqq.)
1058 1324 1099 1386 ab
1123 1322 1249 1388 Eudoxi
1272 1324 1405 1406 placita,
1499 1370 1502 1375 ·

175 1424 232 1490 sed
244 1426 423 1489 accuratius
436 1427 599 1506 sIgnorum
613 1423 812 1504 quorundam
829 1433 1037 1506 aequatorcm
1054 1425 1278 1506 occupantium
1294 1430 1406 1507 partes

174 1532 206 1590 ct
228 1528 373 1591 membra
395 1525 591 1591 definivisse.

743 1711 838 1774 XXX

260 1833 276 1896 I
291 1851 321 1914 p.
331 1833 432 1895 206A
449 1832 550 1911 χωρὶς
567 1828 602 1892 δὲ
618 1831 683 1893 των
700 1827 880 1913 εἰρημένων
895 1830 997 1910 τριων
1012 1823 1137 1894 κύκλων
1154 1825 1171 1894 ὁ
1189 1832 1410 1902 ΕΥΔΟΞΟΣ

173 1934 229 1996 καὶ
253 1930 331 2007 τοὺς
354 1930 413 1995 ἐπὶ
435 1934 495 1994 τοῦ
518 1924 671 2013 άρκτικοῖι
694 1928 811 1994 κύκλον
827 1934 995 2011 κειμένους
1012 1924 1155 2024 άστέρας
1172 1931 1335 2020 διασαφεῖ
1348 1940 1407 2000 καί

175 2057 278 2120 φησιν
309 2025 366 2098 ἐπ)
395 2026 496 2096 αἰτοῦ
525 2037 662 2097 κεῖσθαι
686 2031 802 2096 τόντε
826 2024 1001 2118 ἀριστερὸν
1026 2027 1116 2113 ὠμον
1139 2036 1198 2096 τοῦ
1227 2025 1407 2121 Ἀρκτοφύ-

175 2136 274 2210 λακος
295 2132 416 2201 καὶτὰ
440 2130 573 2199 άνωθεν
596 2159 654 2198 του
672 2134 843 2220 Στεφάνου
866 2159 920 2199 και
945 2159 1004 2218 την
1026 2132 1174 2222 κεφαλὴν
1188 2160 1246 2199 του
1234 2134 1321 2200 διὰ
1338 2140 1407 2202 των

174 2231 319 2321 Ἄρκτων
343 2231 489 2355 Ὄφεως,
523 2239 580 2320 της
616 2236 651 2300 δὲ
680 2235 800 2317 Λάρος
831 2237 887 2300 καὶ
920 2239 979 2354 της
1013 2235 1125 2313 δεξιάς
1154 2241 1317 2321 πτέρυγος
1347 2242 1443 2303 τοῦδ

169 2332 328 2421 Ὄρνιθος
356 2335 397 2401 τὰ
428 2334 577 2417 άνωθεν,
613 2340 672 2401 τοῦ
695 2337 730 2400 δὲ
756 2341 899 2424 Κηφέως
920 2363 957 2402 το
989 2360 1049 2402 στι
1037 2340 1132 2424 θος
1165 2362 1224 2420 της
1253 2337 1289 2403 δὲ
1312 2345 1407 2404 Κασ-

176 2445 329 2514 σιεπειας
351 2438 393 2503 τὰ
417 2435 561 2518 άνωθεν,
585 2435 658 2503 εἶτα
680 2435 793 2522 <τυ>
779 2438 843 2503 υπὸ
868 2464 946 2516 τους
968 2439 1202 2535 ἐμπροσθίους
1222 2439 1389 2517 ποδας
1349 2467 1409 2527 της

174 2539 319 2624 μεγάλης
333 2535 469 2625 Ἄρκτου
484 2544 541 2606 καὶ
556 2544 615 2605 τοῦ
630 2545 783 2616 Λέοντος
807 2537 882 2623 ἄχρι
905 2539 991 2625 πρὸς
1013 2539 1071 2606 τὸν
1089 2537 1180 2623 ιάμον
1197 2545 1256 2606 τοῦ
1271 2536 1408 2628 Ἀρκτο-

175 2641 335 2728 φύλακος.

265 2780 278 2827 7
298 2774 420 2844 supplevi
442 2776 452 2844 ΙΙ
474 2780 489 2828 9
507 2775 733 2844 insequentibus,
747 2791 816 2843 quac
829 2779 959 2844 corrupta
971 2781 1042 2842 sunt,
1056 2776 1207 2846 IIIpparchi
1219 2775 1307 2845 ipsius
1320 2780 1409 2834 oratio

175 2861 328 2914 continuari
346 2859 459 2914 videtur.

736 3016 846 3080 XXXI

260 3136 329 3218 Ip.
348 3137 451 3199 207ss
480 3133 585 3199 πάλιν
615 3133 650 3198 δὲ
679 3128 695 3198 ὁ
721 3135 940 3204 ΕΥΔΟΞΟΣ
967 3134 1129 3221 διασαφεῖ
1155 3139 1210 3201 καὶ
1240 3135 1319 3213 τούς
1349 3135 1408 3204 ἐπὶ

177 3239 242 3302 των
266 3235 433 3320 κολοάρων
458 3237 641 3320 λεγομένων
663 3236 788 3301 κύκλων
810 3242 979 3318 κειμένους
999 3229 1142 3322 άστέρας
1158 3245 1214 3303 καί
1229 3261 1333 3327 φησιν
1349 3238 1410 3306 ἐπὶ

175 3338 235 3421 μέν
265 3341 325 3403 τοῦ
354 3335 427 3414 ἑνὸς
458 3331 565 3403 αὗτων
591 3343 729 3404 κεῖσθαι
755 3337 791 3404 τὸ
816 3343 917 3420 μέσον
940 3341 999 3424 τῆς
1021 3339 1166 3426 μεγάλης
1188 3335 1326 3426 Ἄρκτου
1349 3344 1409 3407 καὶ

175 3443 235 3505 τοῦ
251 3445 418 3524 Καρκίνου
442 3439 478 3505 τὸ
502 3444 605 3523 μέσον
627 3442 684 3505 καὶ
706 3438 764 3505 τὸν
786 3434 905 3521 αέχένα
920 3443 980 3505 τοῦ
990 3438 1109 3523 Ὕόρον
1125 3444 1181 3507 καὶ
1195 3445 1254 3530 τῆς
1269 3436 1409 3528 Ἀργοῦς

178 3541 215 3607 τὸ
239 3540 362 3625 μεταξὺ
386 3544 445 3628 της
467 3565 503 3606 τε
525 3540 676 3629 πρύμνης
698 3544 751 3607 καὶ
776 3545 833 3607 τοῦ
859 3541 969 3621 ἱστοῦ,
1001 3538 1074 3608 εἶτα
1103 3542 1187 3625 μετὰ
1208 3543 1267 3611 τὸν
1291 3538 1408 3635 άφανῆ
1431 3575 1446 3624 5

177 3647 284 3709 πόλον
307 3642 366 3730 τὴν
390 3637 491 3726 οὐράν
513 3647 573 3708 τοῦ
596 3650 707 3709 νοτίου
727 3637 854 3724 Ἰχθύος
884 3641 999 3709 καὶτὸ
1024 3649 1126 3727 μέσον
1149 3650 1208 3712 τοῦ
1229 3646 1408 3733 Αἰγόκερω

176 3749 231 3812 καὶ
254 3744 291 3812 τὸ
315 3750 418 3829 μέσον
441 3748 500 3809 τοῦ
519 3739 666 3811 Ὁιστοῦ·
697 3748 757 3810 τοῦ
780 3745 815 3809 δὲ
832 3740 993 3863 ᾬρνιθος
1016 3745 1073 3810 διά
1095 3750 1156 3813 τοῦ
1188 3742 1321 3831 αὐχένος
1349 3752 1408 3816 καὶ

177 3872 234 3933 της
264 3847 375 3924 δεξιάς
404 3852 572 3973 πτέρυγος
593 3849 649 3911 καὶ
678 3844 734 3911 διὰ
764 3849 822 3933 της
850 3840 1028 3965 άριστεράς
1047 3848 1160 3933 χειρὸς
1181 3875 1239 3915 τοο
1261 3856 1409 3972 Κηφέως

177 3950 373 4070 γράφεσθαι
397 3943 497 4014 αυτὸν
520 3951 575 4014 καὶ
599 3945 655 4014 διὰ
678 3951 736 4036 της
758 3953 894 4036 καμπῆς
915 3953 975 4016 τοῦ
992 3945 1124 4038 Όφεως
1146 3952 1201 4015 καὶ
1231 3949 1324 4033 παρὰ
1346 3978 1409 4040 την

178 4044 279 4133 οὐρὰν
302 4076 394 4136 τηςγ
382 4054 502 4133 μικράς
524 4047 677 4133 Ἄρκτου.
710 4075 787 4133 περι
810 4047 930 4133 μὲν
895 4078 952 4117 ουν
974 4056 1033 4136 τῆς
1056 4048 1194 4135 Ἄρκτου
1223 4048 1409 4137 ὁλοσχερῶς
1433 4066 1462 4116 10

180 4145 301 4237 ἀγνοεῖ.
340 4155 588 4236 Βοαυιῑυιιοέυ
590 4155 655 4219 atio
672 4154 867 4239 Hipparchi
892 4156 1063 4238 deindop.
1082 4157 1203 4220 208A:
1227 4178 1303 4236 περι
1328 4160 1408 4237 μέν·

265 4291 279 4338 3
298 4291 350 4343 τοῦ
368 4291 431 4340 anto
450 4282 515 4353 ἑνὸς
532 4302 576 4340 om
595 4286 617 4339 V
640 4288 649 4353 ΙΙ
672 4291 721 4353 6,Ί
742 4281 776 4342 τὸ
795 4288 886 4355 μέσον
904 4290 938 4342 L:
962 4284 1054 4360 τομὴν
1072 4289 1104 4342 V.
