3174 5160
322 367 344 421 l.
363 365 414 418 DE
434 365 596 419 ACHILLE
616 366 862 421 GRAMMATICO
881 367 996 421 ARATI
1013 368 1260 422 quuuruuuu.
1368 368 1405 424 11
1433 430 1439 449 ¹

172 541 289 606 incerti
310 541 450 607 auctoris
473 540 661 622 opusculum
684 551 769 604 ωοῑα
792 542 857 604 ιιῦν
881 537 1008 624 ζῳδίων
1032 541 1329 605 ονναναιέλλονοιν
1351 543 1407 606 καὶ

172 639 456 725 ουγκαιαὸύνοοοι
471 652 543 716 τοῖς
559 639 592 706 ἐν
606 637 656 725 ’τῷ
673 639 823 725 hydram]
840 640 883 725 ιβ’
902 639 1044 726 ζῳδίοις.
1084 644 1230 725 Denique
1247 644 1407 709 Victorius

173 746 245 828 ipse
261 751 359 810 totam
371 743 509 810 Achillis
525 745 557 808 in
569 744 725 810 Vaticano
738 746 944 827 scriptionem
959 746 1005 809 ita
1016 747 1207 827 percensuit,
1223 752 1257 810 ut
1269 745 1406 811 Medicei

172 847 224 911 sui
240 846 472 928 discrepantias
486 864 546 910 sua
560 867 656 911 manu
672 847 850 912 adnotaret.
888 845 979 922 Quae
996 867 1046 912 res
1063 867 1134 912 cum
1157 847 1406 928 fragmentorum

173 949 353 1013 conlatores
376 948 553 1029 fefellisset,
577 947 726 1013 effectum
745 956 794 1013 est
815 955 850 1012 ut
872 969 930 1032 pro
953 949 1144 1014 testimoniis
1168 947 1251 1014 hanc
1274 957 1407 1031 quartae

171 1069 286 1116 manus
314 1051 504 1115 varietatem
533 1049 716 1115 habendam
746 1048 1008 1130 existimarent2).
1054 1050 1146 1115 Folio
1169 1053 1230 1115 209
1262 1051 1408 1116 confecta

171 1153 325 1234 isagoga,
356 1171 438 1234 quae
461 1150 544 1216 falso
565 1152 636 1217 sive
659 1151 863 1217 Eratostheni
893 1172 949 1217 seu
973 1150 1159 1234 Hipparcho
1182 1152 1346 1234 tribuitur,
1376 1157 1408 1216 et

171 1253 327 1319 laterculo
348 1248 568 1335 ‘interpretum
590 1247 693 1318 Arati'
721 1254 773 1329 (de
796 1254 912 1336 quibus
935 1255 967 1316 in
990 1253 1129 1322 Hermae
1152 1254 1315 1319 volumine
1330 1252 1408 1318 XVI

173 1375 203 1418 a.
224 1357 304 1418 1882
327 1375 358 1438 p.
376 1357 437 1420 386
450 1375 519 1437 sqq.
544 1355 741 1437 disputatum
765 1363 824 1428 cst)
847 1356 991 1420 subiecto
1015 1356 1144 1437 globum
1168 1357 1302 1438 signatis
1325 1356 1407 1421 caeli

170 1457 359 1538 regionibus
380 1458 486 1540 prima
507 1476 620 1526 manus
636 1457 841 1538 appinxerat:
864 1457 916 1520 cui
939 1457 1093 1521 nonnulla
1114 1465 1270 1522 terrarum
1292 1477 1407 1540 graece

171 1559 304 1624 nomina
326 1559 489 1641 inscripsit
510 1558 660 1639 secunda,
683 1559 810 1622 Indiam
826 1558 1018 1640 Pentapolin
1034 1560 1252 1625 Palaestinam
1276 1558 1407 1624 Aethio·

171 1662 259 1742 piam
276 1662 460 1743 Aegyptum
476 1660 613 1742 Libyam
630 1661 771 1726 Africam
788 1661 948 1726 Turciam.
986 1662 1024 1725 In
1040 1662 1155 1743 quibus
1171 1682 1243 1728 cum
1262 1664 1413 1743 Τοαραίαἱ

171 1769 374 1845 compareat,
403 1770 495 1828 erunt
522 1764 658 1828 fortasse
686 1764 741 1844 qui
764 1763 921 1846 Byzantio
951 1772 1135 1846 expugnato
1157 1763 1352 1845 conditoque
1375 1765 1408 1827 in

172 1864 303 1946 Europa
324 1865 500 1930 'lurcorum
530 1865 666 1946 imperio
689 1865 809 1946 scripta
832 1865 913 1930 haec
936 1885 1007 1931 esse
1029 1872 1211 1930 autument:
1241 1867 1302 1930 nisi
1325 1865 1407 1930 forte

176 1970 321 2049 Τουρκία
344 1967 451 2043 etiam,
475 1966 551 2030 dum
566 1967 664 2031 Asiae
688 1964 804 2031 finibus
827 1967 923 2031 Turci
947 1968 1200 2049 terminarentur,
1224 1968 1408 2049 appellitari

171 2075 308 2151 poterat.
354 2066 425 2143 Quo
448 2066 618 2133 deficiente
641 2069 765 2132 auxilio
788 2069 831 2133 ad
853 2069 974 2134 codicis
996 2075 1135 2133 aetatem
1156 2071 1266 2151 paullo
1289 2069 1407 2134 arctius
1500 2094 1505 2100 ·

172 2168 389 2235 definiendam
413 2167 495 2232 nihil
517 2170 581 2234 iarn
604 2172 745 2252 suppetit
767 2176 894 2252 praeter·
917 2190 1061 2253 eaquae
1084 2172 1116 2235 in
1136 2165 1314 2236 ‘Analectis
1330 2170 1406 2234 Era·

172 2261 374 2336 tosthenicis'
400 2291 431 2354 p.
451 2274 489 2334 10
513 2270 741 2337 indicavimus:
765 2272 900 2336 eandem
921 2292 1048 2336 manum
1070 2273 1102 2336 in
1125 2272 1237 2336 codice
1253 2270 1406 2337 Antholo·

172 2375 249 2456 giae
271 2372 457 2438 Planudeae
488 2373 665 2438 britannico
691 2378 747 2450 16,
764 2378 824 2439 409
850 2373 1034 2452 (Additions
1056 2394 1087 2456 p.
1105 2376 1178 2450 not)
1208 2395 1228 2437 a
1251 2373 1406 2454 Planude,

172 2480 209 2540 ut
232 2475 368 2556 ridetur,
392 2480 524 2559 exarato
546 2493 618 2541 sese
641 2477 734 2541 nobis
757 2478 920 2542 obtulisse.

259 2578 327 2644 Iam
343 2577 600 2642 enumerabimus
624 2596 665 2641 ex
680 2576 801 2642 codicis
817 2578 965 2642 Vaticani
988 2596 1071 2659 quae
1093 2576 1156 2641 huc
1170 2584 1296 2658 spectat
1317 2584 1407 2658 parte
1452 2607 1456 2615 ¹

173 2680 330 2762 opuscula
350 2681 420 2746 sive
444 2699 541 2762 opera
563 2679 671 2744 dicere
694 2680 797 2744 mavis
821 2681 943 2744 omnia:

365 2782 420 2847 fol.
439 2784 499 2846 173
523 2778 677 2864 Πρόκλου
700 2778 856 2861 ὄιαδόχορ
878 2774 1099 2854 inordiendis
1119 2781 1186 2842 τῶν
1209 2776 1407 2862 ἀστρονομι-

303 2884 367 2948 arde
389 2877 600 2948 ὑποθέσεων.

365 2987 421 3053 fol.
440 2989 500 3052 189
519 2977 672 3050 Ἰωάννου
689 2978 930 3068 Ἀλεξανδρέως
950 2987 1030 3067 περὶ
1046 2986 1104 3068 τῆς
1119 2985 1179 3047 τοῦ
1195 2974 1406 3065 ἆοιρολάβοο

296 3084 447 3172 ,χρήσεως
475 3088 531 3152 καὶ
560 3092 594 3152 τί
625 3089 692 3152 τῶν
722 3084 755 3151 ἓν
786 3079 875 3171 αὐτῷ
903 3089 1220 3169 καταγεγραμμένον
1251 3087 1405 3169 σημαίνει

303 3185 450 3253 ἕκαστον.

365 3293 420 3359 fol.
440 3289 520 3358 19412
546 3295 612 3356 τῶν
635 3284 776 3375 Ἀράτου
800 3294 1018 3371 Φαινομένων
1047 3287 1134 3374 πρὸς
1163 3283 1349 3371 εἰσαγωγὴν
1372 3283 1406 3349 ἐκ

301 3395 367 3456 τῶν
383 3385 572 3472 Ἀχιλλέως.

366 3496 421 3561 fol.
438 3493 521 3560 abab
543 3493 580 3558 αἱ
603 3492 640 3570 ἐξ
660 3492 781 3577 ἑτέρων
804 3494 996 3576 διαιρέσεις.

260 3646 281 3709 ²)
298 3644 330 3698 In
347 3645 516 3713 praefatione
539 3650 681 3712 postquam
699 3645 732 3697 de
751 3645 907 3714 Hipparcho
932 3661 981 3698 suo
1001 3645 1139 3713 exposuit,
1161 3637 1302 3694 ‘Achillis'
1320 3642 1407 3707 inquit
1482 3693 1489 3706 ,

165 3725 275 3782 ‘itidem
297 3735 350 3781 duo
372 3734 543 3796 exemplaria
568 3739 665 3781 nactus
687 3749 745 3780 sum
764 3749 817 3780 non
837 3740 941 3795 parum
963 3734 1035 3780 inter
1053 3749 1081 3780 se
1104 3734 1198 3780 multis
1224 3732 1288 3778 locis
1307 3729 1406 3776 discre-

166 3823 287 3882 pantia,
312 3821 387 3884 quod
404 3820 485 3886 facet
504 3825 594 3868 tamen
617 3821 656 3866 ad
673 3821 757 3866 verba
778 3821 871 3879 potius
889 3825 915 3865 et
938 3821 1060 3880 ipsorum
1078 3819 1174 3864 seriem
1193 3831 1276 3879 quam
1294 3815 1332 3860 ad
1348 3828 1406 3860 sen-

171 3907 286 3953 tentiam
304 3907 424 3954 auctoris
436 3912 604 3968 magnopere
616 3906 791 3952 variandam.
823 3904 912 3951 Missa
932 3920 1039 3966 quoque
1056 3904 1176 3951 suntad
1193 3917 1233 3947 me
1246 3900 1331 3945 Roma
1349 3914 1406 3945 una

170 4005 234 4037 cum
251 3990 360 4038 Achille
383 3991 489 4052 serapte
513 3991 650 4052 quaedam
674 3991 801 4037 mutilata
825 3994 947 4035 veterum
966 3990 1140 4051 quorundam
1165 3989 1302 4033 doctorum
1325 3984 1407 4030 homi·

170 4091 251 4132 num,
278 4077 328 4138 qul
346 4076 436 4123 studio
453 4089 487 4122 oc
506 4076 597 4122 labore
620 4089 668 4120 suo
686 4081 736 4121 aut
752 4075 836 4120 Arati
855 4080 951 4134 paeana
970 4079 1020 4120 aut
1036 4074 1176 4119 scientiam
1195 4072 1269 4117 hanc
1286 4071 1406 4116 siderum

170 4161 320 4207 illustrare
332 4162 484 4218 voluerant,
505 4165 532 4206 et
548 4162 599 4207 illa
618 4161 679 4221 ipsa
695 4165 842 4221 praeterea
858 4161 944 4219 plena
959 4159 1139 4213 νιιοιαῖανιινα,
1160 4171 1231 4218 quae
1243 4160 1334 4201 tuanen
1346 4169 1406 4200 cum

171 4245 253 4295 haud
267 4246 379 4306 penitus
395 4246 508 4292 inutilla
527 4246 689 4292 indicassem
712 4246 806 4292 rarlltr's
831 4245 895 4291 locis
914 4248 1035 4290 correcta
1053 4242 1200 4288 sedulitate
1217 4256 1276 4287 mea
1295 4255 1348 4286 non
1367 4240 1406 4285 in·

172 4330 264 4392 digna
279 4331 386 4390 putavi,
406 4345 478 4392 quae
490 4329 577 4394 foras
595 4319 714 4377 exirent'
733 4335 784 4377 etc.
