3166 5166
712 314 863 368 ARATEA

316 488 407 555 δύνει
430 479 462 552 δ’
499 486 729 575 Αρκτοφόλαξ
747 482 809 575 ἤδη
833 486 949 574 πρώτῃ
973 486 1032 552 έπὶ
1052 491 1152 574 μοίρῃ
1423 503 1435 551 t

314 589 413 671 τάων,
439 593 475 656 οἳ
496 589 636 674 πίσυρές
658 615 716 672 μιν
739 585 818 674 ἀτερ
839 587 950 675 χειρός
972 589 1181 674 κατάγουσιν,

171 685 257 757 ὥστε
278 696 327 779 τῷ
349 696 446 779 Ketis?
469 686 685 760 ἀνατέλλοντι
709 688 876 779 ἄρχεσθαι
899 685 1001 759 αάτδν
1022 685 1302 757 ἀντικαταδόνειν.
1326 684 1403 756 ἀκο-

171 793 306 871 λούθως
329 794 365 860 δέ
387 789 490 882 ταύτῃ
513 799 553 882 τῃ
575 791 743 861 ὑποθέσει
766 798 821 861 καὶ
844 799 903 861 τοῦ
928 799 1094 881 Καρκίνου
1118 791 1303 881 ἀρχομένου
1326 786 1402 860 ἀνα-

170 896 297 963 τέλλειν
321 897 411 983 λέγει
432 904 530 964 ταυτί
552 903 594 977 (v.
612 898 813 982 579—582)·
1309 957 1313 967 ,

313 992 386 1066 αδδ)
413 990 453 1066 ἀν
475 994 523 1066 ἔτ’
546 994 779 1084 ’Λρκτοφόλαξ
800 998 851 1086 ε’ίῃ
875 996 982 1075 πολδς
1005 991 1260 1085 ἀμφοτέρωθεν,
1424 1013 1446 1061 11

312 1108 416 1186 μείων
438 1096 591 1192 ἠμάτιος,
615 1102 653 1169 τό
678 1095 710 1167 δ’
737 1101 796 1168 ἐπὶ
818 1101 924 1167 πλέον
948 1100 1080 1183 ἔννυχος
1100 1095 1173 1189 ἤδη.

312 1205 449 1294 τέτρασι
470 1203 533 1294 γάρ
555 1211 691 1291 μοίραις
713 1197 834 1287 ἀμυδις
855 1202 1014 1271 κατιόντα
1038 1202 1175 1289 Βοώτην

308 1301 462 1386 Ὠκεανὸς
485 1308 627 1390 δέχεται.

170 1405 187 1475 ό
213 1410 248 1474 δὲ
272 1405 417 1488 Εὔδοξος
438 1409 562 1497 γράφει
585 1402 702 1486 οὕτως·

255 1505 335 1579 όταν
358 1509 375 1579 δ
394 1511 499 1597 Κριδς
514 1511 602 1599 δόνῃ,
626 1515 692 1576 των
713 1512 774 1595 μὲν
789 1506 1046 1599 πρδς’Ἀρκτους
1061 1513 1120 1577 τοῦ
1132 1503 1403 1597 Ἀρκτοφόλακος
1424 1528 1447 1576 15

255 1616 287 1680 οἱ
303 1609 407 1691 πόδες
419 1613 563 1694 δύνουσι,
574 1617 641 1680 τῶν
655 1614 690 1680 δὲ
703 1612 789 1700 πρὸς
801 1613 897 1680 νότον
908 1617 968 1680 τοῦ
982 1618 1108 1700 Θῃρίου
1124 1613 1162 1678 τδ
1181 1612 1302 1681 λοιπόν
1317 1608 1402 1679 κτλ’.

255 1772 269 1819 5
289 1764 388 1837 πρώτη
408 1797 439 1805 -
457 1769 545 1840 μοίρῃ
564 1767 721 1822 Marcianus
743 1769 752 1835 ii
775 1770 790 1819 6
809 1769 943 1836 πίσσυρες
969 1764 1132 1820 Marcianus.
1155 1767 1165 1833 ἱΙ
1185 1787 1234 1835 μιν
1252 1766 1290 1820 L:
1310 1767 1400 1836 μἐνλί

168 1852 326 1906 Marcianus
354 1855 364 1920 ΙΙ
390 1848 461 1925 ἀτερ
489 1853 660 1906 Marcianus:
698 1845 774 1926 ἀτὰρ
798 1851 846 1906 LV
875 1852 884 1921 ΙΙ
907 1852 1064 1921 κατάγουσι
1089 1851 1111 1902 L
1139 1853 1149 1919 ΙΙ
1179 1856 1208 1906 11
1235 1861 1326 1927 μεῖον,
1346 1852 1390 1920 L!

171 1943 202 1990 14
221 1927 339 1993 οότωλ
360 1940 369 2005 λ
391 1943 422 1993 15
441 1929 490 1995 ὅτ’
509 1934 588 1996 ἀνΙι
611 1940 620 2005 ΙΙ
644 1942 675 1994 16
693 1934 825 1996 δόνουσιν
842 1937 874 1990 L.

253 2108 291 2176 V.
305 2114 362 2175 721
379 2104 559 2194 ‘mergitur‘
576 2105 768 2195 inquit‘iam
783 2111 815 2176 in
833 2106 914 2188 (ἐπί)
931 2109 1101 2176 duodecim
1112 2109 1246 2178 Zodiaei
1260 2111 1399 2196 partium

167 2215 271 2297 prima
293 2203 438 2280 Bootes'.
483 2213 563 2280 Item
587 2235 617 2279 v.
635 2219 695 2280 716
718 2218 818 2298 μοίρῃ
840 2235 877 2296 γε
898 2212 959 2293 μέν
982 2203 1040 2276 οὒκ
1063 2210 1121 2276 ἐπὶ
1142 2210 1245 2298 ταύτῃ
1270 2203 1401 2295 ἀθρόος

169 2307 326 2393 ἀντέλλει,
351 2324 383 2381 et
405 2316 452 2381 sie
467 2315 555 2380 alibi.
594 2315 660 2382 Sed
683 2337 723 2382 ne
739 2316 920 2382 Marcianus
936 2315 1076 2399 quidem,
1101 2316 1160 2382 atsi
1176 2334 1268 2381 senus
1283 2313 1400 2382 Vossio

168 2419 272 2484 visum
295 2425 353 2501 est,
377 2419 462 2483 male
479 2418 576 2483 habet
597 2411 672 2503 «ἤδη
689 2415 805 2502 πρώτῃ
828 2415 905 2482 τότε
919 2422 1043 2503 μοίρῃ»,
1067 2418 1160 2501 quasi
1182 2422 1275 2501 parte
1298 2419 1402 2501 prima

168 2528 242 2586 tune
265 2526 299 2585 ut
321 2521 468 2586 occidere
491 2521 625 2603 incipiat
647 2520 764 2586 Bootes
787 2519 953 2586 effitiatur.

253 2622 290 2687 V.
308 2625 369 2686 722
392 2625 477 2703 «μίν
497 2623 675 2690 rectissime
690 2623 726 2694 L,
743 2624 893 2705 quoniam
911 2623 1071 2688 obiectum
1088 2622 1290 2705 requirimus,
1314 2619 1401 2702 «μέν»

167 2724 399 2792 VMareianus.

253 2827 290 2892 V.
313 2829 370 2890 581
397 2824 531 2907 «ἄμυδις
553 2824 734 2910 κατιόντα),
758 2827 778 2891 i.
802 2847 830 2892 e.
855 2823 1082 2909 σογκατιόντα,
1106 2824 1312 2910 Hipparchus
1335 2825 1398 2892 suf·

166 2931 313 3012 fragante
327 2929 541 3014 paraphrasin
557 2930 737 2995 Marciano:
761 2923 778 2992 ὁ
804 2927 839 2992 δὲ
863 2925 975 3012 λόγος·
999 2925 1136 3012 τέτρασι
1158 2925 1292 3012 ζῳδίοις
1314 2921 1399 3009 ὁμοῦ

166 3029 437 3117 καταφερόμενον
472 3024 573 3096 αὐτὸν
609 3029 738 3112 δέχεται
769 3024 786 3096 δ
819 3025 949 3117 ὁρίζων.
998 3032 1180 3097 Marcianus
1208 3032 1280 3114 ipse
1308 3022 1398 3115 «ἤδη»

166 3136 355 3219 scripturam
378 3136 508 3218 recepit,
532 3142 566 3200 ut
588 3131 924 3218 τέτρασι-μοίραις
947 3133 1108 3200 ablativus
1124 3133 1324 3200 instrumenti
1346 3133 1396 3200 sit.

714 3322 844 3388 XLVII.

251 3442 282 3505 II
304 3462 335 3525 p.
352 3445 414 3505 222
437 3443 463 3509 O
485 3446 544 3508 τοῦ
567 3441 603 3506 δὲ
629 3439 776 3518 Τοξότου
798 3439 976 3522 μέλλοντος
1000 3433 1192 3506 ἀνατέλλειν
1215 3434 1232 3505 ό
1251 3434 1398 3528 Ἄρατός

169 3565 253 3629 φησι
283 3550 325 3610 tv.
343 3546 523 3622 669-682)
551 3542 611 3630 τὴν
641 3541 788 3630 κεφαλὴν
817 3545 875 3607 τοῦ
903 3535 1123 3628 Ἔνγο<ό>νασι
1152 3545 1208 3608 καὶ
1235 3540 1295 3631 τὴν
1326 3535 1402 3629 δρι-

166 3642 285 3726 στερὰν
294 3657 390 3729 χεῖρα
403 3639 657 3711 ἀνατεταλκέναι
668 3647 724 3712 καὶ
735 3643 772 3711 τδ
788 3648 884 3728 σῶμα
896 3648 955 3710 τοῦ
967 3638 1146 3730 Ὀφιούχου
1158 3647 1212 3712 καὶ
1224 3642 1284 3733 τὴν
1301 3637 1402 3729 οόρδιν

165 3749 224 3811 τοῦ
233 3741 374 3830 Ὄφεως,
398 3745 436 3813 δν
460 3747 525 3829 ἔχει
547 3743 564 3815 δ
585 3741 771 3832 Όφιοῦχος,
795 3750 849 3813 καὶ
872 3745 931 3833 τὴν
946 3745 1067 3830 Λόραν
1089 3749 1144 3813 καὶ
1167 3750 1225 3814 τοῦ
1248 3745 1397 3835 Κηφέως

165 3847 206 3911 τά
237 3841 305 3914 ἀπὸ
335 3851 394 3937 τῆς
423 3851 568 3938 κεφαλῆς
597 3847 660 3925 ἕως
687 3852 745 3914 τοῦ
769 3847 926 3936 στήθους.
973 3848 1082 3915 δύνειν
1105 3849 1141 3915 δέ
1174 3873 1259 3939 φησι
1281 3848 1339 3916 τόν
1362 3851 1434 3915 τε5

166 3949 258 4016 Κόνα
274 3943 352 4017 όλον
368 3954 424 4018 καὶ
446 3951 505 4018 τδν
516 3945 659 4034 Ὠρίωνα
674 3955 728 4018 καὶ
744 3949 804 4018 τδν
819 3950 927 4036 Anyti
944 3953 999 4017 καί
1015 3955 1075 4018 τοῦ
1087 3947 1241 4034 Ἡνιόχου
1264 3950 1306 4017 τὰ
1323 3944 1394 4018 ἀπὸ

166 4057 230 4120 των
260 4054 375 4119 ποδων
405 4053 467 4131 ἕως
494 4057 553 4142 τῆς
583 4048 684 4142 ζιόνῃς
713 4053 808 4142 μέρη.
853 4052 911 4142 τὴν
936 4047 967 4118 δ’
993 4052 1088 4141 Atyn
1120 4077 1204 4144 φῃσι
1233 4057 1289 4120 καὶ
1318 4051 1396 4130 τοὺς

160 4150 313 4241 Ἕρίφοος
333 4150 435 4222 -ὦν
458 4156 547 4222 έστιν
569 4155 589 4245 ἢ
612 4156 672 4239 μὲν
696 4155 753 4223 ἐπὶ
775 4160 834 4222 του
858 4149 1033 4242 ἀριστεροῦ
1056 4151 1158 4239 ὤμου,
1182 4160 1215 4223 οἳ
1238 4149 1269 4221 δ’
1297 4154 1331 4224 έν
1354 4159 1395 4243 τῇ

248 4298 263 4344 6
282 4288 397 4363 λαγωὸν
415 4291 446 4346 L.
