3174 5160
235 347 297 406 386
777 346 927 400 ARATEA

234 518 378 605 quidum
401 516 440 580 ιἰι
463 516 614 591 tabulas,
643 515 713 580 aci
731 538 809 581 vcro
838 516 877 582 ιὐι
899 517 1002 582 Samo
1025 519 1067 581 dc
1088 517 1243 582 carmine
1264 518 1325 581 Ιιοι
1347 516 1470 581 taven-

232 626 310 686 tum
333 641 402 683 csse
430 618 493 683 ubc'
512 624 546 681 ct
573 617 668 682 illud
694 618 798 683 αίιιιιί
817 618 902 704 qm'a
932 618 1047 683 sc'rnilc'
1065 621 1162 684 modo
1185 619 1223 683 ιἰι
1247 619 1361 703 z'psum
1382 640 1469 704 sug-

230 728 367 808 gerunt
390 725 454 803 (fol.
473 721 517 798 lb)
529 724 570 799 ¹⁶).

322 946 465 1011 Theonis
482 945 586 1009 Vitam
603 946 694 1009 Arati
710 947 804 1010 novis
819 947 980 1010 nonnullis
1003 947 1099 1011 rebus
1115 946 1274 1028 insignem
1296 947 1471 1011 translator

237 1049 406 1131 usurpavit
420 1048 548 1111 latinus.
587 1047 628 1111 Et
646 1048 784 1128 primum
807 1046 937 1129 quidem
952 1043 1152 1129 Dionysum
1175 1048 1231 1112 ille
1254 1048 1383 1131 scripsit
1396 1065 1470 1129 per-

236 1169 359 1234 peram,
382 1169 454 1214 eum
477 1149 609 1213 deberet
630 1143 845 1230 Dionysium
868 1148 986 1214 deinde
1002 1145 1192 1231 manrj‘cstc
1207 1145 1328 1230 potius
1347 1146 1472 1209 Thrax

237 1251 319 1316 nihil
342 1270 457 1332 graece
479 1257 586 1332 potest
609 1269 680 1315 esse
702 1252 764 1314 nisi
788 1247 942 1336 δηλονότι
964 1244 982 1315 ὁ
1010 1249 1113 1337 Θρᾴξ.
1160 1251 1229 1315 Iam
1252 1251 1345 1322 vide,
1368 1269 1469 1332 quan-

238 1361 306 1419 tum
329 1354 429 1419 simus
452 1352 577 1418 lucrati.
621 1352 658 1416 In
688 1370 805 1434 graeco
829 1353 913 1416 enim
937 1353 1116 1435 exemplari
1144 1359 1273 1435 praeter
1301 1353 1472 1436 proprium

235 1447 413 1538 ‘Dionysii’
440 1473 555 1518 nomen
578 1452 661 1517 nihil
685 1453 837 1518 traditum
861 1465 992 1521 estnec
1014 1454 1198 1537 supplebile
1224 1472 1282 1536 per
1305 1473 1340 1520 se
1363 1472 1471 1536 neque

241 1576 381 1639 unquam
412 1557 605 1639 suppletum.
652 1553 686 1619 Si
714 1556 787 1637 quis
818 1562 942 1621 tentare
971 1534 1096 1640 aliduid
1126 1555 1337 1621 coniectando
1365 1554 1471 1620 nihilo

242 1663 348 1725 secius
370 1658 544 1738 decresset,
567 1658 602 1721 in
622 1647 810 1722 ‘Thracem’
837 1658 1029 1741 Dionysium
1052 1658 1108 1724 ille
1130 1677 1171 1723 ne
1185 1665 1260 1723 tunc
1275 1656 1407 1741 quidem
1423 1658 1471 1721 in·

240 1762 373 1827 cidisset
394 1760 501 1825 facile.
544 1750 698 1824 ‘Tnnhx’
725 1759 789 1823 iam
806 1759 1008 1839 mordente,
1032 1761 1087 1842 qui
1102 1766 1138 1824 ut
1151 1767 1248 1824 antea
1261 1757 1472 1842 Hipparchus

239 1862 347 1928 Rhodi
370 1861 518 1942 docebat,
542 1860 750 1944 Hipparcheo
772 1861 814 1927 de
830 1861 1066 1927 Phaenomenis
1088 1861 1209 1927 iudicio
1225 1863 1471 1943 subscripserat,

239 1965 376 2029 fortasse
397 1965 430 2027 in
452 1965 534 2028 libro
562 1956 662 2045 ςΠερὶ
687 1955 831 2041 Ῥόδου),
862 1983 956 2046 quem
985 1962 1168 2046 Stephanus
1191 1964 1365 2046 Byzantius
1390 1982 1414 2027 s.
1439 1983 1471 2026 v.

245 2062 377 2146 Ταρσός
410 2066 688 2131 commemoravit:
723 2061 953 2150 ἒπισημοιάτη
989 2063 1090 2140 πόλις
1122 2065 1278 2139 Κιλικίας
1302 2114 1309 2128 .
1332 2113 1365 2126 ..
1388 2066 1472 2127 Διο-

241 2166 355 2243 νύσιος
378 2165 413 2231 δὲ
436 2161 453 2230 ὁ
480 2163 576 2252 Θρᾲξ
596 2163 631 2230 ἐν
652 2168 701 2249 τῷ
720 2160 820 2250 ςΠερὶ
840 2159 964 2232 Ῥόδου)
993 2160 1061 2230 ἀπὸ
1086 2170 1145 2250 τῆς
1167 2168 1226 2230 τοῦ
1242 2164 1469 2252 Βελλεροφόν-

241 2294 300 2335 του
323 2269 495 2343 πτώσεως.
539 2271 640 2352 μέρος
668 2266 729 2351 γάρ
757 2293 791 2332 τι
812 2271 872 2332 τοῦ
901 2265 1009 2344 ποδὸς
1037 2265 1162 2353 ταρσὸν
1192 2268 1382 2345 καλεῖσθαι,
1411 2269 1472 2353 τῆς

243 2370 367 2436 ἐκείνου
394 2370 535 2450 χωλείας
563 2365 746 2455 ὑπόμνημα
776 2374 986 2453 ποιουμένων
1015 2373 1081 2436 τῶν
1108 2364 1265 2450 ἀρχαίων.
1311 2368 1473 2447 Quoniam

243 2474 425 2540 Solensium
460 2473 535 2538 urbs
557 2473 647 2538 Arati
678 2475 784 2554 patria
811 2474 997 2538 Lindiorum
1032 2473 1159 2538 colonia
1188 2473 1306 2548 erat,¹³t
1335 2472 1474 2554 adparet

243 2575 514 2655 quemadmodum
538 2577 619 2639 liber
642 2573 683 2639 de
706 2575 821 2639 Rhodo
851 2578 989 2656 scriptus
1012 2575 1214 2640 celeberrimi
1237 2573 1381 2640 Solensis
1404 2594 1472 2639 me·

243 2677 347 2742 moria
375 2678 481 2741 ornari
514 2677 654 2758 potuerit
683 2678 858 2758 aptlssime.
905 2677 1055 2760 Dionysii
1085 2678 1186 2741 verba
1213 2676 1333 2740 adferri
1362 2676 1473 2742 adhuc

243 2777 439 2843 credidimus
461 2798 524 2843 non
547 2777 703 2842 arbitratu
726 2786 834 2843 nostro
858 2780 915 2844 sed
939 2780 1111 2861 perspicua
1126 2778 1301 2843 Theoneae
1317 2779 1473 2844 orationis

242 2882 403 2946 sententia
435 2882 548 2946 coacti.
607 2880 701 2945 Nunc
733 2879 863 2945 demum
897 2882 1114 2962 intellegimus
1149 2880 1293 2944 mutilam
1327 2880 1473 2946 Theonis

242 2983 351 3049 Vitam
374 3002 446 3048 esse
474 2981 645 3048 deficiente
673 2981 839 3048 Posidonii
868 2984 1031 3049 mentione
1062 3001 1121 3047 nec
1151 2980 1355 3047 mediocriter
1382 2983 1474 3049 illinc

243 3086 463 3151 sollicitamur.
508 3084 688 3151 Posmorru
716 3086 801 3149 enim
825 3093 898 3150 sunt
927 3104 944 3149 e
968 3086 1237 3150 commentatione
1267 3084 1368 3166 ίΠερὶ
1393 3105 1473 3167 συγ-

243 3192 384 3271 κρίσεως
419 3178 561 3267 Ἀράτου
595 3188 651 3250 καὶ
680 3180 822 3268 Ὁμήρου
857 3187 935 3270 περὶ
969 3187 1035 3249 τῶν
1069 3176 1334 3271 μαθηματικῶν>
1371 3188 1475 3252 verba

243 3292 391 3371 proxime
416 3288 570 3368 subiecta,
594 3308 657 3353 non
680 3289 815 3354 Thracis
830 3289 992 3371 Dionysii,
1015 3308 1054 3352 ac
1076 3299 1208 3371 propter
1222 3288 1399 3353 studiorum
1422 3308 1473 3353 ra·

243 3391 363 3456 tionem
379 3391 483 3470 magis
494 3391 594 3456 multo
605 3392 670 3455 tale
682 3388 761 3472 quid
772 3390 901 3454 fidimus
918 3392 950 3453 in
964 3390 1172 3455 Posidonium
1191 3391 1363 3454 convenire
1375 3409 1474 3473 quam

243 3493 276 3557 in
288 3492 531 3574 grammaticum
545 3494 744 3575 Dionysium.
770 3492 807 3556 Id
821 3499 927 3556 tamen
940 3493 1167 3574 improbamus,
1184 3492 1212 3555 si
1224 3492 1295 3572 quis
1307 3494 1475 3573 peculiare

242 3594 411 3660 Posidonii
435 3613 515 3675 opus
543 3595 726 3677 opinabitur
755 3594 928 3674 designari,
952 3593 1064 3658 sedin
1094 3592 1184 3658 libris
1205 3594 1276 3658 sive
1296 3586 1397 3674 ίΠερὶ
1416 3594 1474 3658 κό-

244 3688 336 3774 σμου’
353 3689 532 3774 sive‘llepi
543 3687 724 3776 μετεώρου
741 3703 889 3761 accurate
898 3697 1107 3762 vetustiorum
1121 3696 1240 3778 placita
1252 3702 1284 3759 et
1295 3695 1474 3761 dictainter

243 3817 278 3864 se
302 3817 506 3881 comparasse
529 3818 601 3863 eum
624 3808 773 3881 putamus
789 3805 821 3862 et
842 3799 1049 3878 iudicavisse,
1073 3808 1107 3861 ut
1123 3799 1294 3880 Polybium
1309 3791 1351 3862 de
1374 3798 1472 3864 histo·
1569 3784 1572 3788 “

334 4051 364 4113 ¹⁶)
383 4049 510 4116 Sequitur
527 4049 644 4117 spatium
663 4064 776 4101 vacuum
793 4049 910 4117 imagini,
930 4064 984 4116 qua
996 4050 1150 4117 Antigonus
1168 4066 1215 4103 rex
1233 4051 1268 4104 ad
1281 4051 1395 4104 Aratum
1414 4050 1470 4105 Eu·

246 4135 360 4189 doxeum
384 4151 452 4203 opus
476 4134 598 4188 deferens
617 4133 835 4200 conspiciebatur
853 4134 898 4195 lcf.
918 4151 944 4202 p.
959 4136 1061 4202 31317),
1084 4144 1114 4187 ut
1138 4141 1264 4202 putamus
1287 4135 1474 4204 adpiugendae

245 4219 307 4274 olim
326 4222 455 4274 relictum.

335 4307 365 4371 ¹⁰)
384 4306 425 4360 cf.
445 4306 498 4358 Vit.
512 4306 538 4358 ll
557 4314 584 4358 et
602 4305 643 4358 III
660 4317 697 4373 (p.
711 4307 779 4370 323),
798 4306 887 4360 Strab.
908 4305 971 4359 XIV
990 4321 1016 4372 p.
1030 4310 1089 4371 eli,
1102 4309 1126 4358 8.
