3174 5160
337 353 359 407 Ι.
378 353 429 406 DE
447 354 609 409 ACHILLE
628 355 873 410 GRAMMATICO
892 356 1006 411 ARATI
1023 356 1271 414 INTERPRETE.
1383 360 1420 418 19

185 518 360 592 celebrari'
385 528 610 611 interpretatus
633 531 754 612 cogitat
779 529 820 596 do
843 530 971 596 tabellis
993 532 1215 597 astronomicis
1238 550 1296 615 per
1320 532 1421 598 homi-

184 648 264 693 num
292 650 349 695 ora
370 629 404 694 id
426 632 579 713 temporis
602 632 736 698 traditis.
781 633 825 697 At
850 633 907 697 illa
927 633 1015 698 notio
1041 652 1146 715 neque
1175 633 1342 716 dispicitur
1365 636 1421 701 illo

184 731 219 794 in
243 732 343 796 verbo
366 732 445 797 alibi
467 752 572 816 neque
595 735 710 813 inesse,
734 735 903 817 compositi
925 742 1070 799 naturam
1094 755 1133 800 ao
1154 735 1289 800 formam
1306 737 1332 801 si
1349 755 1420 819 spe·

184 833 337 915 otaveris,
361 834 427 898 ullo
450 841 544 917 pacto
566 842 681 919 potest.
718 836 819 902 Multo
842 836 884 902 ad
906 837 1037 919 linguae
1061 837 1322 903 consuetudinem
1346 858 1420 904 oon-

182 936 368 1000 venieutius
397 938 578 1020 rectiusque
609 937 741 1002 scholiis
772 938 853 1005 haec
881 939 1089 1003 adnotantur:
1124 939 1360 1004 «συναείδετοι»
1384 938 1420 1004 δὲ

181 1026 262 1100 ἀντὶ
283 1038 344 1100 τοὺ
368 1035 546 1122 ουνᾴδεται
576 1088 585 1102 .
617 1089 624 1102 .
657 1089 664 1102 .
696 1034 712 1103 δ
737 1038 773 1103 δὲ
797 1037 908 1124 λόγος·
931 1043 1081 1122 γίνωσκε,
1105 1036 1160 1104 ότι
1182 1032 1420 1123 ἀναλογοῦντες

180 1129 343 1224 ἀλλήλοις
374 1140 430 1203 καὶ
464 1139 640 1226 σύμφωνοι
672 1146 822 1224 γίνονται
855 1142 887 1206 οἱ
916 1142 975 1205 τοῦ
1002 1134 1099 1218 ἡλίου
1129 1137 1249 1223 δρόμοι
1279 1138 1336 1206 διὰ
1363 1130 1417 1206 ιδ’

179 1235 268 1303 έτιῦν
291 1236 588 1325 έπιδεωρούμενοι.
627 1237 754 1325 ὁμοίως
770 1243 877 1308 δὲκαὶ
899 1237 918 1329 ἡ
936 1234 1080 1327 ἀνατολὴ
1103 1245 1161 1327 τῆς
1183 1245 1243 1307 τοῦ
1262 1235 1420 1326 Ὠρίωνος

179 1338 288 1426 ζώνης
315 1344 411 1426 μέχρι
432 1344 491 1427 τῆς
518 1345 704 1420 παντελοῦς
726 1338 852 1420 δύσεως
881 1343 991 1423 αὐτοῦ,
1023 1342 1072 1409 ’έτι
1094 1367 1130 1427 γε
1152 1340 1216 1429 μὴν
1238 1346 1294 1409 καὶ
1317 1339 1336 1432 ἡ
1360 1346 1418 1410 τού

176 1440 294 1519 Κυνὸς
322 1437 466 1531 ἀνατολή
496 1468 532 1509 τε
562 1448 617 1510 καὶ
648 1445 741 1523 δύσις
771 1445 826 1512 διὰ
854 1449 921 1510 τών
950 1445 1033 1510 ἰ’σων
1063 1443 1239 1530 σύμφωνοι
1260 1450 1419 1529 γίνονται.

176 1542 244 1620 τὰς
266 1544 325 1626 μὲν
349 1530 407 1611 οάν
430 1540 555 1634 ἡμέρας
576 1551 635 1635 τῆς
658 1546 1039 1634 έννεακαιδεκαετηρίδος
1066 1539 1135 1612 ἀπὸ
1159 1550 1218 1634 τῆς
1241 1549 1301 1612 τοῦ
1323 1542 1419 1634 ἡλίου

178 1644 347 1731 ἐνεργείας
369 1642 532 1728 ὑπέδειξε,
556 1647 617 1725 τὰς
633 1648 669 1713 δέ
684 1648 802 1726 νύκτας
825 1644 893 1715 ἀπὸ
917 1653 975 1737 τῆς
997 1651 1057 1713 τοῦ
1076 1641 1233 1733 Ὠρίωνος
1256 1642 1419 1738 ἀνατολῆς

175 1771 218 1812 τε
240 1750 297 1814 καλ
320 1747 445 1827 δύσεως
461 1748 517 1816 διὰ
532 1749 570 1817 τό
588 1749 696 1816 έκεῑνα
718 1749 760 1816 τὰ
785 1746 892 1836 ἀστρα
912 1749 1110 1838 καταληπτά
1132 1764 1204 1828 τοῖς
1221 1745 1419 1837 ἀνθρώποις

177 1848 215 1916 ἐν
238 1853 282 1936 τῇ
298 1853 386 1916 νυκτὶ
407 1850 498 1934 μάλα
519 1857 688 1937 γίνεσθαι.
735 1855 847 1938 Neque
872 1855 1026 1919 miramur
1048 1855 1222 1919 admodum
1245 1853 1418 1919 medialem

176 1973 274 2020 usum
303 1955 395 2019 verbi
429 1955 668 2020 συναείδεσθαι
701 1977 760 2040 pro
791 1952 976 2020 concordem
1008 1957 1218 2038 (concinere),
1252 1973 1357 2038 neque
1385 1955 1417 2018 in

177 2063 340 2122 structura
365 2091 402 2100 -
426 2055 599 2139 γινώσκεις
621 2051 701 2122 τόδε
722 2059 777 2122 καὶ
809 2052 931 2122 σύ·τά
959 2052 1021 2139 γάρ
1053 2054 1262 2120 συναείδεται
1290 2048 1352 2142 ἤδη
1377 2090 1417 2100 -

177 2157 379 2223 haerendum
399 2177 470 2224 csse
485 2168 643 2242 putamus.
682 2161 819 2227 Causam
836 2160 919 2225 cuim
944 2178 999 2224 cur
1015 2179 1077 2224 non
1093 2160 1241 2242 ignorare
1256 2159 1417 2240 legentem

175 2261 251 2342 ipse
269 2262 431 2326 existimet
444 2269 542 2345 poeta
555 2264 698 2346 proferre
714 2262 792 2326 vult.
831 2259 966 2338 Qualem
984 2281 1113 2326 causam
1135 2281 1170 2326 re
1185 2281 1263 2326 vera
1277 2263 1419 2328 continet

175 2361 262 2426 illud
278 2362 525 2443 «συνοείδεται»,
545 2367 565 2430 i.
583 2384 609 2431 e.
627 2359 849 2446 ὁμολογεῖται,
866 2370 899 2428 et
913 2362 1106 2428 scholiastae
1120 2362 1327 2446 paraphrasis
1343 2383 1415 2446 sup·

174 2462 313 2547 peditat.
344 2465 470 2531 Etenim
487 2467 616 2532 tabulae
628 2467 764 2532 Metonis
776 2467 951 2531 astronomi
967 2464 1186 2546 significantur
1198 2459 1412 2547 'calendariae

175 2564 404 2649 duodeviginti
420 2587 576 2634 annorum
598 2569 704 2651 spatia
726 2568 916 2650 complexae
931 2586 970 2631 ac
992 2567 1123 2649 publico
1141 2570 1213 2632 usui
1236 2568 1269 2630 in
1285 2567 1416 2631 urbibus

173 2667 358 2734 destinatae
387 2676 468 2735 teste
499 2670 672 2737 scholiasta
697 2670 742 2735 ad
765 2668 796 2733 h.
812 2669 848 2732 l.:
883 2670 1008 2730 Μέτων
1042 2690 1094 2743 τις
1126 2671 1238 2752 γέγονε
1267 2665 1416 2742 παλαιὸς

172 2761 393 2850 ἀστρονόμος,
417 2767 454 2846 δς
471 2763 615 2854 ἀκριβῶς
639 2765 834 2856 ἀριθμήσας
853 2764 928 2833 εἶπε
950 2765 1069 2850 μικρὸν
1087 2766 1238 2834 ἐνιαυτόν
1261 2764 1308 2844 ώς
1329 2766 1416 2851 πρὸς

173 2869 345 2954 σύγκρισιν
368 2874 428 2936 τού
450 2873 606 2956 μεγάλου,
630 2874 709 2957 περὶ
733 2864 771 2936 ού
795 2869 948 2947 πόλινίλ)
965 2866 1127 2953 ἐλέγομεν,
1151 2867 1232 2936 όταν
1249 2869 1317 2948 (ότε
1332 2872 1415 2946 cod.)

173 2969 316 3047 σύνοδος
338 2975 405 3036 τών
429 2971 458 3051 ζ’
484 2969 632 3058 ἀστέρων
646 2979 780 3061 γένηται
804 2972 862 3036 ἐπὶ
886 2964 1041 3058 ἀπωλείᾳ
1063 2977 1122 3038 τοῦ
1145 2971 1281 3049 παντός.
1321 2970 1416 3047 δεξό-

172 3098 272 3156 μενοι
286 3080 399 3139 τοίνυν
415 3075 449 3139 οἱ
463 3074 547 3158 μετὰ
555 3080 586 3154 ¹⁷)
602 3080 748 3140 Μέτωνα
765 3069 968 3157 ἀστρονόμοι
978 3080 1128 3151 πίνακας
1144 3074 1177 3140 έν
1189 3088 1263 3151 ταῖς
1276 3072 1415 3138 πόλεσιν

175 3175 305 3262 ’έθηκεν
328 3177 491 3261 περὶτῶν
513 3181 572 3244 τοῦ
595 3174 691 3266 ἡλίου
707 3179 904 3264 περιφορῶν
922 3178 988 3240 τών
1012 3172 1413 3263 έννεακαιδεκαετηρίδων,

173 3269 230 3343 ότι
245 3269 327 3341 καθ’
356 3275 493 3344 ἕκαστον
510 3276 661 3346 ένιαυτδν
676 3278 810 3346 τοιόσδε
826 3279 920 3342 ἔσται
940 3273 1064 3359 χειμών
1087 3280 1142 3342 καὶ
1157 3278 1289 3344 τοιόνδε
1311 3282 1415 3363 θέρος

172 3381 232 3444 καὶ
247 3377 380 3444 τοιόνδε
396 3379 621 3468 φθινόπωρον
644 3385 700 3448 καὶ
722 3381 849 3447 τοιοίδε
872 3375 1059 3476 ἀνεμοιηκαὶ
1084 3373 1206 3458 datar)
1230 3377 1318 3463 πρὸς
1332 3385 1414 3463 βιω-

176 3482 293 3569 φελεῑς
319 3487 434 3564 χρείας
461 3496 534 3560 τοῖς
558 3478 767 3570 ἀνθρώποις.
814 3480 930 3569 ἐπειδὴ
962 3477 1019 3546 ούν
1042 3476 1103 3567 ἤδη
1133 3487 1238 3547 ταῦτα
1262 3481 1413 3569 ἐγνώσθη

173 3582 211 3649 ἐκ
240 3584 308 3648 τών
337 3582 489 3649 πινάκων
517 3587 574 3650 καὶ
604 3579 704 3662 αύτδς
735 3583 864 3652 ἐκεῖθεν
892 3583 973 3670 ’έγνω
1003 3580 1045 3648 τά
1076 3583 1186 3649 πολλὰ
1217 3581 1234 3649 δ
1264 3580 1413 3670 Ἄρατος,

172 3688 281 3774 φησὶν
305 3676 359 3750 ότι
378 3672 572 3764 ‘natabam
593 3680 795 3772 γινώσκεις·
820 3684 928 3752 πόλοι
950 3684 1012 3770 γὰρ
1037 3678 1185 3750 ἀείδεται
1207 3689 1261 3751 καὶ
1286 3681 1415 3773 φανερὰ

171 3801 249 3864 τοῖς
263 3778 398 3873 Ἕλλησι
419 3792 561 3873 γέγονεν.
597 3786 750 3865 ἐδέξαντο
774 3788 809 3853 δέ
834 3780 916 3852 αύτά
931 3779 1084 3875 Ἕλληνες
1107 3780 1189 3870 παρ’
1214 3786 1415 3871 Αἰγυπτίων

265 4058 297 4124 ¹⁷)
317 4057 345 4114 oi
363 4062 428 4130 περὶ
446 4058 567 4113 Idelerus
580 4053 755 4123 (‘Handbuch
768 4059 816 4112 der
830 4049 966 4111 Chronol.>
983 4057 997 4110 1
1015 4073 1041 4124 p.
1057 4060 1133 4119 316⁴)
1151 4062 1178 4110 et
1190 4056 1414 4110 Wachsmuthius

168 4146 202 4198 in
226 4142 295 4212 Lydi
320 4143 437 4197 editione
458 4160 485 4212 p.
504 4142 582 4196 LVII
600 4144 742 4197 mutabant
766 4143 885 4196 Bekkeri
908 4143 1026 4196 editione
1050 4142 1168 4208 decepti,
1195 4140 1242 4193 ubi
1267 4135 1414 4208 δεξόμενοι

171 4229 276 4283 τοίνυν
294 4228 422 4282 omissum
442 4235 491 4282 est.

269 4314 298 4376 ¹⁸)
316 4309 419 4382 (ἄλλα)
438 4307 532 4369 πολλὰ
550 4313 660 4382 supplet
678 4313 911 4378 Wilamouitzins‚
929 4314 1022 4367 πολλα
1043 4309 1198 4364 Marcianus
1218 4309 1334 4362 exhibet.

1224 4397 1259 4446 γε,
