3174 5160
281 361 328 414 XI.
347 360 549 415 Anncnonn
566 359 812 415 BASILEENSIA
829 362 878 415 ΕΤ
896 362 1173 418 LAURENTIANA.
1286 363 1346 421 381

117 535 194 600 dum
219 542 277 618 est,
300 537 327 600 si
350 535 391 599 de
414 535 515 599 latina
537 533 738 617 Hipparchei
766 535 840 600 libri
863 537 1071 620 inscriptione
1093 557 1197 620 pauca
1227 537 1347 604 dixeri·

116 657 197 703 mus.
243 637 294 702 De
317 659 381 720 qua
402 638 448 702 ita
470 637 674 703 Ptolemaeus
698 637 791 702 VIll
816 641 860 721 (p.
879 642 939 702 164
963 637 1014 704 ed.
1031 639 1130 706 Basil.
1154 642 1265 717 1538):
1287 639 1348 716 τὰς

117 733 379 823 τούἹπποὶρχον
402 740 569 823 περὶτῶν
593 730 753 803 ἀπλανῶν
781 731 994 825 ἀναγραφάς,
1028 738 1114 825 πρὸς
1138 739 1178 817 ἃς
1200 741 1347 824 μάλιστα

117 840 342 928 πεποιήμεθα
364 839 425 917 τὰς
448 846 644 925 συγκρίσεις.
683 843 915 923 Argumentum
935 843 1032 924 igitur
1046 844 1258 912 adumbrasse
1274 846 1347 911 Pto·

117 947 244 1011 lemaeo
274 945 410 1011 suffecit.
460 944 650 1009 Aeeuratius
680 943 801 1008 Suidae
831 943 1044 1028 biographus,
1075 946 1132 1010 sed
1162 953 1197 1010 ut
1225 967 1265 1012 ne
1294 947 1349 1012 ille

119 1046 250 1131 quidem
273 1049 371 1130 plane
393 1066 465 1112 eum
486 1047 645 1111 anecdoto
669 1045 849 1111 Basileensi
872 1046 1060 1113 concordet:
1083 1051 1190 1133 «Περὶ
1209 1051 1268 1135 τῆς
1283 1051 1350 1111 τῶν

119 1140 280 1213 ἀπλανῶν
310 1146 496 1224 συντάξεως
524 1149 580 1212 καὶ
609 1149 668 1212 τοῦ
696 1149 993 1232 καταστερισμοῦ».
1042 1150 1130 1216 Utile
1160 1158 1209 1217 est
1236 1150 1350 1216 videre

119 1251 206 1333 quod
227 1248 352 1332 κόσμον
384 1250 628 1316 Eratosthenem
651 1249 739 1314 idern
762 1250 985 1333 Hipparchum
1015 1250 1169 1328 σύνταξιν
1198 1272 1349 1320 vocasse:

118 1352 204 1419 unde
238 1360 369 1420 exortus
402 1351 573 1435 postmodo
607 1353 787 1417 Ptolemaei
821 1354 932 1419 titulus
966 1352 1128 1439 «Μεγάλη
1160 1352 1349 1430 Σύνταξις».

120 1455 185 1522 Sed
210 1455 291 1522 haec
315 1456 477 1521 haetenus.

204 1557 451 1624 Eratosthenem
475 1557 689 1622 stellarum
705 1557 959 1639 catalogum,
983 1559 1112 1639 qualem
1129 1558 1351 1624 Oatasterismi

119 1659 475 1744 pseudoeratosthenici
492 1659 663 1740 continent,
680 1678 744 1722 non
760 1660 938 1724 cenfecisse
955 1667 1030 1725 ante
1046 1659 1104 1725 hos
1121 1660 1233 1726 decem
1249 1680 1350 1727 annos

120 1762 249 1828 abunde
271 1761 412 1826 diximus
433 1762 490 1842 ita,
514 1766 610 1825 utne
633 1759 732 1825 hodie
754 1761 885 1853 quidem
909 1782 968 1826 nec
984 1761 1155 1850 detrahere
1178 1763 1351 1844 quicquam

120 1884 225 1947 neque
240 1864 417 1945 adiungere
434 1863 694 1927 commentationi
710 1862 759 1926 illi
776 1863 922 1928 velimus.
961 1862 1155 1930 Ordinem
1171 1862 1351 1929 siderum

122 1974 154 2032 et
175 1969 291 2033 seriem
313 1967 438 2030 ratione
454 1970 542 2052 certa
558 1965 762 2029 constitutam
786 1965 819 2028 in
841 1967 981 2041 genuino
997 1966 1220 2032 Eratosthenis
1244 1986 1351 2049 opere,

122 2089 184 2152 quo
207 2069 346 2152 praeivit
368 2067 424 2131 ille
447 2072 479 2130 et
502 2065 690 2149 Hipparcho
713 2074 745 2130 et
768 2066 966 2150 Ptolemaeo,
990 2070 1089 2135 fuisse
1111 2070 1280 2152 probabile
1304 2075 1353 2134 est

122 2179 236 2254 suapte
258 2176 382 2252 sponte,
407 2189 466 2234 nec
488 2188 546 2234 nos
570 2170 767 2234 debebamus
784 2168 847 2234 hoc
863 2171 957 2234 simul
978 2191 1049 2236 cum
1063 2173 1172 2254 priore
1186 2171 1244 2236 illo
1260 2191 1352 2236 aver·

123 2280 190 2338 tere
213 2273 376 2354 cupidius:
408 2270 491 2335 hane
514 2291 610 2335 unam
632 2291 700 2335 rem
723 2291 782 2336 nos
804 2278 880 2337 tunc
910 2273 1077 2354 scripsisse
1104 2275 1137 2337 in
1157 2264 1349 2338 ‘Analeotis'

122 2377 290 2457 paenituit.
327 2372 451 2450 Quodsi
469 2372 509 2437 de
522 2372 653 2456 Cepheo
670 2375 702 2436 in
715 2366 979 2439 ‘Gatasterismis'
999 2376 1117 2457 legitur
1132 2376 1230 2440 XVffl
1247 2376 1353 2440 locum

124 2477 280 2542 obtinenti
304 2468 400 2551 οὗτος
424 2473 457 2539 ἒν
480 2473 573 2550 τάξει
595 2479 751 2539 τέτακται
773 2477 932 2560 τέταρτος
956 2483 988 2540 et
1010 2475 1052 2541 de
1075 2477 1171 2562 Lyra,
1199 2497 1282 2560 quae
1306 2483 1355 2542 est

123 2577 257 2661 XXIV⁸,
281 2575 363 2665 αὕτη
388 2576 485 2662 ἐνάτη
509 2589 617 2642 κεῖται
640 2576 673 2640 ἐν
696 2587 768 2651 τοῖς
791 2571 944 2662 ἄστροις,
968 2597 1027 2660 per
1049 2580 1233 2661 sequidem
1252 2580 1354 2662 possit

123 2680 212 2763 prior
244 2678 286 2743 ad
315 2699 409 2764 quem
441 2681 490 2745 bis
520 2687 714 2762 provocatur
744 2680 824 2744 ordo
854 2699 949 2747 verus
979 2701 1050 2748 esse
1081 2681 1355 2763 Eratosthenious,

123 2787 251 2863 poterat
272 2782 359 2847 idem
388 2802 466 2847 vero
496 2783 594 2846 etiam
616 2802 675 2866 pro
698 2790 788 2846 tanta
811 2782 976 2847 iudicandi
999 2783 1212 2867 supellectilis
1235 2789 1355 2866 quanta

124 2891 198 2948 tune
220 2884 408 2949 tenebamur
430 2885 565 2966 penuria
587 2883 776 2966 Hipparcho
799 2886 974 2950 accenseri.
1012 2884 1092 2950 Cum
1111 2886 1209 2967 igitur
1224 2887 1354 2968 optione

125 2985 202 3050 data
222 3005 282 3051 nos
304 3007 368 3051 non
390 2988 459 3053 sine
482 2986 617 3052 consilio
640 2987 801 3066 posterius
824 2986 904 3050 illud
922 2988 1238 3070 praeoptavissemus
1254 3008 1285 3069 p.
1303 2990 1354 3068 29,

125 3087 178 3151 vel
200 3086 288 3171 apud
310 3087 532 3153 adversarium
548 3087 720 3170 quendam,
744 3090 799 3170 qui
815 3096 923 3153 cetera
938 3096 1047 3153 nostra
1062 3089 1242 3170 despicatui
1258 3088 1354 3153 habe·

124 3194 183 3271 ret,
205 3190 354 3271 plausum
377 3211 441 3256 n0n
464 3191 612 3255 meritum
635 3190 767 3256 tulimus
790 3191 958 3272 inopinati.
1005 3191 1175 3256 Audacule
1197 3210 1275 3255 vero
1298 3191 1355 3254 alii

125 3290 338 3357 abutebantur
359 3293 519 3374 adparatu
541 3299 649 3357 nostro
666 3312 686 3356 a
700 3293 793 3357 nobis
810 3291 972 3358 laboriose
988 3293 1143 3373 conlecto,
1167 3313 1238 3357 cum
1254 3311 1355 3373 usque

125 3389 168 3455 ad
191 3391 276 3458 hunc
298 3395 385 3460 diem
408 3396 495 3478 quod
518 3401 604 3460 esset
626 3394 750 3476 aliquid
774 3394 837 3476 ipsi
860 3394 978 3458 elicere
993 3414 1058 3459 non
1072 3396 1226 3460 valerent.
1262 3395 1356 3460 Vete-

125 3512 193 3558 rem
215 3498 466 3562 eontroversiam
489 3499 618 3563 interim
642 3517 713 3562 cum
736 3497 784 3560 ira
808 3502 839 3560 et
868 3495 975 3561 studio
999 3495 1057 3561 sed
1085 3497 1174 3561 irrito
1197 3497 1356 3581 discepta-

126 3601 191 3659 tam
225 3597 287 3678 ipsi
320 3619 483 3682 nunquam
507 3636 548 3646 -
576 3620 635 3666 nos
665 3605 796 3664 moveat
824 3599 928 3663 cimex
957 3599 1139 3665 Pantilius?
1169 3636 1210 3644 -
1239 3601 1356 3682 repeti·

126 3696 301 3781 vissemus,
334 3703 397 3766 nisi
426 3703 569 3767 ineditae
600 3703 732 3784 eclogae
762 3701 958 3767 Basileensis
988 3701 1111 3766 auxilio
1142 3702 1233 3766 iustis
1262 3703 1357 3766 simul

127 3802 291 3882 exsequiis
313 3804 485 3886 persolutis
509 3805 640 3888 sepeliri
662 3804 750 3869 nullo
774 3823 870 3885 posse
897 3804 1027 3885 negotio
1056 3803 1240 3868 videremus
1270 3803 1356 3867 haud

127 3901 230 3968 inviti.
275 3904 441 3972 Genuinus
464 3907 560 3988 igitur
583 3909 845 3973 Euneosnmnms
860 3906 942 3970 liber
959 3911 1007 3972 est
1022 3906 1049 3970 is
1066 3904 1243 3982 habendus,
1267 3905 1357 3969 cuius

127 4003 303 4071 siderum
327 4007 510 4074 ordinem
533 4015 680 4093 spectant
699 3999 968 4074 ‘detesterismi'z
990 4009 1077 4090 Lyra
1100 4008 1145 4071 ibi
1168 4026 1252 4072 nono
1275 4006 1357 4089 loco,

128 4114 242 4187 quarto
270 4109 421 4193 Cepheus
450 4112 643 4176 conlocatur.
688 4111 757 4175 Neo
785 4111 948 4174 mirabile:
976 4098 1239 4174 ‘Gatasterismis'
1272 4108 1357 4171 enim

127 4209 268 4290 genuina
290 4215 395 4279 inesse
418 4211 665 4278 Eratosthenica
686 4212 841 4277 nonnulla
863 4212 1026 4292 Erigonae
1056 4210 1183 4291 elegiae
1207 4208 1358 4290 exemplo

129 4311 192 4394 ipsi
223 4315 317 4380 nobis
346 4315 494 4380 videmur
523 4313 686 4395 hodieque
715 4314 921 4397 probavisse,
955 4332 1014 4377 nec
1043 4331 1191 4376 curamus
1222 4309 1359 4375 hominis
