3174 5160
497 385 532 438 II.
551 383 601 437 DE
619 383 734 437 ARATI
753 382 886 441 conici}
903 381 1147 436 HIPPARGHEO.
1395 379 1434 436 91

204 555 238 621 ἐν
268 555 306 621 δὲ
334 553 467 631 τούτοις
496 553 586 620 δοκεῖ
612 580 670 639 μοι
700 547 830 638 ῦμνοεῑν
852 547 870 618 δ
894 547 1033 640 Ἄρατος
1062 547 1325 637 ὑπολαμβάνων,
1355 545 1436 619 ῦσον

205 652 326 740 ἆπέχει
341 652 359 723 δ
376 650 574 743 Ἀρκτοῦρος
586 649 655 722 ἀπὸ
672 660 732 721 τοῦ
744 649 797 721 ἀεὶ
813 656 959 742 φανεροῦ
982 653 1099 733 πόλου,
1116 658 1275 721 τοσοῦτον
1299 648 1435 737 ἀπέχειν

205 763 260 826 καὶ
282 758 322 825 τὸ
343 757 569 843 Θυμιατήριον
593 750 662 822 ἀπὸ
686 762 745 842 τοῦ
763 767 873 824 νοτίου
897 755 1016 822 πόλου.
1050 757 1202 841 Sequitur
1216 759 1317 825 Attali
1329 760 1366 823 fr.
1388 761 1436 822 18.

291 933 321 994 2.
346 930 407 1014 Ip.
426 932 485 995 198
502 932 530 994 A
554 921 750 1004 ἀκολούθως
773 927 808 992 δὲ
828 926 960 1003 τούτοις
974 919 1134 1013 ἠγνόηται
1148 929 1204 992 καὶ
1219 924 1257 991 τὸ
1274 925 1437 1012 ἐπιφερό-

208 1055 305 1112 μενον
327 1024 413 1117 παρ’
440 1025 542 1095 αὐτοῦ
562 1030 606 1111 (v.
624 1034 822 1106 439-440)·

412 1126 516 1217 αῦτὰρ
539 1129 557 1197 δ
582 1129 748 1216 δεξιτερὴν
772 1130 840 1196 αἰεὶ
862 1129 1016 1197 τανύοντι
1041 1129 1145 1196 ἔοικεν

413 1235 510 1300 οἷντία
532 1235 688 1300 δινωτοῑο
713 1238 889 1319 Θυτηρίου.

180 1333 327 1417 υμεταξῦ
356 1334 419 1420 γὰρ
446 1339 505 1420 τῆς
535 1334 647 1412 δεξιᾶς
673 1333 785 1422 χειρὸς
811 1337 868 1401 καὶ
897 1338 958 1400 τοῦ
989 1340 1155 1421 Θυτηρίου
1183 1334 1221 1401 τό
1251 1358 1288 1398 τε
1313 1339 1438 1420 Θηρύον

211 1427 284 1503 ῦλον
306 1450 415 1503 κεῖται
436 1440 493 1503 καὶ
515 1440 575 1503 τοῦ
585 1444 758 1522 ΙΣκορπίου
781 1435 823 1501 τὰ
845 1439 990 1504 πλεῖστα
1011 1441 1110 1523 μέρη·
1133 1435 1153 1525 ἡ
1176 1437 1236 1519 μὲν
1258 1433 1320 1522 γὰρ
1345 1433 1436 1513 δεξιὰ

208 1541 273 1621 χεὶρ
296 1541 378 1622 περὶ
400 1537 442 1604 τὰ
456 1537 611 1624 <πρῶτα>
631 1543 715 1626 μέρη
735 1541 801 1604 τῶν
816 1541 940 1627 Χηλῶν
954 1553 1071 1619 κεῖται,
1095 1536 1131 1604 τὸ
1157 1538 1193 1603 δὲ
1211 1537 1438 1626 Θυμιατήριον

210 1635 270 1706 ὑπὸ
295 1652 368 1718 τοῖς
391 1639 543 1722 ἐσχάτοις
564 1640 680 1724 μέρεσι
701 1644 761 1705 τοῦ
783 1646 963 1725 Σκορπίου,
987 1637 1033 1719 ῶς
1055 1644 1110 1708 καὶ
1135 1634 1235 1718 αῦτδς
1257 1637 1274 1706 ὁ
1299 1635 1439 1726 Ἄρατος

211 1741 294 1826 atyn
318 1747 360 1821 (v.
377 1747 575 1820 roa-noar

174 1860 195 1910 10
412 1836 517 1929 αῦτοὶρ
539 1837 600 1909 ῦπ)
627 1844 799 1930 αἰθομένῳ
824 1844 959 1930 Κέντρῳ
983 1844 1102 1931 τὲραος
1123 1844 1281 1930 μεγάλοιο

411 1950 579 2030 Σκορπίου
603 1940 677 2030 ῦμχι
699 1944 811 2012 νύτοιο
837 1946 1002 2032 Θοτήριον
1027 1947 1210 2031 αἰωρεῖται.

291 2084 306 2132 2
325 2071 399 2150 παρ’
410 2079 449 2133 L:
462 2071 535 2146 ῦπὲρ
547 2079 572 2132 V
585 2080 623 2146 114
636 2084 775 2150 δηνωτοῑο
789 2080 812 2133 L
832 2081 914 2145 (unde
927 2077 958 2151 δὴ
969 2077 1074 2138 νύτοιο
1088 2081 1245 2147 Victorius),
1258 2081 1439 2138 earvwrotoV

211 2169 237 2217 ut
254 2165 412 2218 Marcianus
428 2171 456 2219 et
473 2165 527 2219 hoe
545 2165 606 2221 loco
624 2171 652 2219 et
670 2183 693 2220 v.
707 2169 771 2220 440:
792 2182 854 2220 corr
871 2169 1037 2220 recentiores
1056 2172 1083 2220 et
1101 2167 1222 2233 Scaliger
1243 2168 1279 2234 iii
1298 2166 1438 2236 supplevii}

212 2253 236 2302 ll
256 2249 396 2320 αἰωρῆται
415 2250 448 2304 V.

292 2405 330 2470 V.
349 2409 422 2490 406,
436 2410 454 2469 7
471 2408 543 2472 «τοῦ
556 2443 596 2453 -
609 2399 822 2492 Ἀρκτούρου»
838 2407 1053 2490 HipparchuS,
1070 2408 1131 2469 «τῶ
1143 2409 1175 2484 (i.
1190 2428 1216 2472 e.
1229 2409 1289 2490 τῳ)
1306 2441 1346 2452 —
1362 2397 1439 2488 Ἀρ-

209 2504 357 2592 κτούρῳῐ
371 2508 561 2575 Marcianus.
600 2511 777 2593 Utrumque
801 2511 985 2592 cogitabile.
1024 2509 1246 2593 Hipparchum
1269 2516 1437 2576 sectamur.

292 2610 330 2675 V.
348 2614 410 2673 440
433 2607 602 2674 «δινωτοῑο
621 2613 800 2696 Θυτηρίου»
820 2605 990 2677 ‘rotundae
1006 2603 1106 2677 Arae'
1127 2631 1167 2677 ex
1182 2609 1384 2675 «δεινωτοῑο»
1407 2617 1439 2676 et

207 2709 407 2797 «δηνωτοῑο»,
432 2731 566 2794 quornm
587 2718 756 2796 utrumqne
779 2713 872 2779 nihili
899 2721 948 2778 est
976 2712 1050 2793 (etsi
1073 2711 1245 2777 δεινωτοῖο
1269 2733 1310 2778 ex
1332 2719 1437 2796 poste-

207 2813 290 2879 riora
313 2812 423 2895 aliqua
451 2813 591 2880 editione
620 2817 791 2898 repetitum
821 2835 891 2881 esse
922 2813 1083 2881 Athenaei
1112 2815 1153 2880 de
1183 2816 1299 2897 poculo
1331 2813 1438 2890 δεῖνος

207 2915 293 2997 qnod
309 2920 443 2980 vocatur
453 2917 571 3000 ecloga
586 2917 680 2982 doeet
694 2904 844 2982 monente
856 2917 1128 2998 Wiiamowitnio),
1144 2925 1231 2983 reete
1245 2917 1325 2982 mihi
1341 2917 1436 2982 effee-

207 3023 272 3081 tum
295 3018 507 3082 recentiorum
528 3017 672 3084 subsidio
694 3017 831 3084 videtur.

754 3188 890 3253 XXVII.

294 3310 320 3369 1.
346 3305 407 3388 ΙΙ).
426 3309 487 3372 198
504 3307 530 3370 B
555 3303 588 3369 ἐν
611 3304 647 3369 δὲ
661 3317 733 3383 τοῖς
756 3304 830 3394 ἑξῆς
845 3306 924 3387 περὶ
940 3307 1006 3368 τῶν
1021 3308 1190 3390 τροπικῶν
1212 3309 1265 3371 καὶ
1288 3309 1348 3371 τοῦ
1365 3305 1438 3393 ἴση·

207 3407 344 3488 μερινοῦ
366 3407 422 3470 καὶ
444 3409 504 3472 τοῦ
528 3405 691 3492 ζῳδιακοῦ
712 3407 830 3473 κύκλου
854 3409 956 3492 λέγων
980 3413 1083 3494 φησίν
1106 3411 1148 3494 (ν.
1165 3408 1362 3482 467-468)·

412 3501 508 3574 αὐτοὶ
532 3503 564 3573 δ’
592 3502 758 3586 ἆπλατέες
780 3511 834 3573 καὶ
859 3502 1019 3595 ἀρηρότες
1043 3501 1219 3596 ἀλλήλοισι

412 3608 554 3688 πάντες·
578 3604 662 3696 ἀτὰρ
685 3617 796 3697 μέτρῳ
818 3636 854 3697 με
878 3610 945 3676 δύω
969 3610 1063 3676 δυσὶν
1087 3604 1334 3698 ῦντιῳέρυνται.

168 3739 182 3787 5
202 3715 419 3797 γραφομένου
442 3709 482 3800 δὴ
507 3711 621 3795 διχῶς,
645 3715 701 3778 καὶ
724 3712 758 3778 ἐν
782 3711 832 3790 οἷς
853 3714 913 3796 μὲν
936 3707 1046 3778 «αὐτοὶ
1069 3707 1101 3777 δ’
1129 3707 1307 3789 ἀπλατέες»
1331 3712 1365 3777 ἐν
1388 3711 1438 3788 οἷς

205 3811 242 3875 δὲ
263 3807 377 3878 «αὐτοὶ
400 3812 436 3878 δὲ
458 3809 655 3890 πλατέεςιὸ
682 3808 841 3891 Ἄτταλός
871 3839 956 3903 φησι
984 3818 1117 3899 βέλτιον
1147 3813 1234 3882 εἶναι
1262 3808 1372 3880 «αὐτοὶ
1402 3813 1438 3878 δὲ

203 3914 362 3990 πλατέος»
390 3918 456 3994 (καὶ
484 3913 548 4002 γὰρ
578 3916 611 3981 οἱ
639 3909 854 4001 ἆοτρολόμοι,
886 3924 986 4005 φησί,
1015 3910 1181 3993 (πλατεῖς
1213 3913 1439 3981 ῦποτλδενται

202 4015 282 4093 τούς
304 4041 341 4081 τε
363 4015 545 4100 τροπικοῦς
567 4021 623 4084 καὶ
646 4018 705 4084 τδν
729 4016 919 4106 ἰσημερινὸν
942 4020 996 4084 καὶ
1025 4017 1084 4084 τδν
1108 4017 1281 4103 ζῳδιακόν)
1302 4018 1357 4081 καὶ
1379 4014 1438 4079 τὸν

200 4109 298 4206 ἥλιον
321 4116 384 4193 τὰς
404 4117 535 4206 τροπὰς
556 4117 601 4208 μὴ
627 4114 680 4186 ἀεὶ
703 4121 760 4187 ἐπὶ
782 4124 841 4186 τοῦ
865 4114 967 4186 αῦτοῦ
996 4120 1114 4186 κύκλου
1137 4123 1328 4198 ποιεῖσθαι,
1353 4111 1437 4183 ῦλλά

290 4257 306 4307 2
323 4249 429 4310 κύκλου
440 4253 480 4309 V:
492 4269 537 4309 om
548 4254 572 4310 1.
586 4254 596 4322 ΙΙ
613 4259 627 4308 3
646 4249 673 4309 a'
685 4247 826 4320 οἷπλατὲες
837 4256 875 4311 V:
895 4256 924 4312 δὲ
936 4255 1056 4320 πλατέος
1067 4255 1091 4308 L
1111 4256 1120 4323 Η
1138 4259 1203 4308 6-7
1216 4254 1299 4308 verba
1318 4247 1438 4310 ὁἌττα-

200 4342 254 4404 λος
274 4369 302 4377 -
325 4338 446 4404 πλατέος
463 4338 502 4394 V:
522 4355 565 4394 om
582 4339 614 4392 L.
