3174 5160
402 371 449 425 Vl.
468 371 668 427 MEMORIAE
687 370 865 427 ARATHAH
884 372 933 425 ΕΤ
952 371 1174 427 HESIODEAH.
1349 370 1411 429 275

171 543 314 612 Hesiodi
343 544 526 629 patriam⁴⁹)
557 553 743 611 nocturnam
777 545 909 611 deorum
945 547 1161 629 praesentiam
1195 547 1411 614 concreditam

173 647 279 713 luisse
308 649 423 713 elucet
467 646 504 711 In
532 647 664 713 istorum
694 647 843 711 itinerum
874 647 983 730 aliquo
1010 655 1105 712 noctu
1128 647 1279 713 initorum
1301 651 1413 719 Musae

174 769 250 815 curn
265 748 446 815 Hesiodum
460 748 642 814 admontis
663 747 790 814 radices
812 749 1011 831 petivissent,
1035 748 1230 814 maledicunt
1253 753 1282 817 ei
1305 756 1413 835 prisca

172 858 207 916 et
224 852 369 935 genuina
383 869 508 915 morum
531 850 720 931 rusticitate,
743 849 861 915 deinde
880 851 1037 932 gloriatae
1053 857 1154 915 artem
1170 852 1286 918 baculo
1301 855 1412 922 laureo

173 954 207 1018 in
232 972 348 1019 manus
370 951 448 1018 dato
470 951 659 1034 inspiratum
682 951 761 1017 deos
784 953 925 1017 carmine
944 953 1109 1017 celebrare
1125 953 1246 1018 iubent.
1284 956 1412 1025 Eminet

173 1054 348 1121 exordium
369 1053 453 1118 illud
474 1053 608 1137 propria
630 1053 769 1136 quadam
791 1053 1008 1136 simplicitatis
1030 1055 1148 1119 virtute
1172 1060 1205 1119 et
1227 1059 1325 1123 citata
1340 1080 1411 1125 nar·

172 1156 358 1222 ratione-
374 1156 461 1239 qnod
484 1156 653 1221 vetustatis
678 1154 832 1220 indicium
855 1156 1036 1220 nuntiamus
1057 1163 1187 1221 auctore
1203 1158 1411 1228 Lachmanno

171 1294 214 1303 -
233 1264 267 1324 et
288 1276 326 1325 se
346 1257 520 1323 admodum
543 1257 685 1340 antiquis
708 1255 891 1322 hominibus
913 1257 1150 1323 commendavit
1174 1259 1304 1342 (Hilger.
1324 1282 1355 1345 p.
1368 1268 1409 1339 9).

171 1362 217 1425 At
239 1358 321 1443 qnid
344 1358 425 1425 haec
447 1359 490 1425 ad
512 1358 672 1424 Aratum?
707 1358 813 1424 Noctu
834 1360 930 1424 etiam
947 1359 1046 1440 Virgo
1070 1360 1215 1427 homines
1237 1371 1408 1445 argenteos

170 1463 367 1545 frequentat,
390 1461 449 1528 sed
472 1460 551 1545 quid
573 1460 713 1524 iactura!
758 1461 914 1526 Attendas
943 1462 1091 1526 iteratam
1114 1463 1226 1528 referri
1249 1466 1407 1533 actionem

169 1584 202 1627 v.
224 1566 288 1628 120
296 1583 383 1647 sqq:

304 1656 378 1729 ἀλλ’
404 1656 505 1729 ὁπότ’
532 1656 727 1744 ἀνθρώπων
749 1661 895 1745 μεγάλας
918 1661 1085 1747 πλήσαιτο
1108 1665 1307 1746 κολιόναςω),

302 1758 436 1853 ἠπείλει
459 1763 499 1853 δὴ
521 1763 641 1831 ἔπειτα
663 1768 905 1850 καθαπτομένη
928 1762 1121 1851 κακότητος,

302 1860 374 1933 οὐδ’
402 1860 444 1933 ἔτ’
471 1865 535 1954 ἔφη
559 1865 709 1942 εἰσωπός
732 1864 932 1932 ἐλεύσεσθαι
954 1867 1145 1933 καλέουσιν·

299 1968 394 2057 «οἵην
414 1968 565 2054 χρύσειοι
587 1973 732 2052 πατέρες
753 1967 866 2053 γενεὴν
889 1966 1046 2034 ἐλίποντο

298 2076 500 2159 χειροτέρην.
544 2066 638 2153 ὑμεῖς
661 2070 698 2135 δὲ
720 2069 889 2156 κατώτερα
911 2070 1093 2147 τεξιίεσέλε.

302 2175 359 2239 καλ
382 2172 421 2258 δή
445 2198 513 2238 που
536 2171 695 2255 πόλεμοι,
725 2173 780 2236 καὶ
804 2171 843 2258 δὴ
867 2176 921 2237 καὶ
946 2168 1105 2255 ἀνάρσιον
1128 2173 1213 2255 αἷμα

301 2273 437 2341 ἔσσεται
459 2268 687 2359 ἀνθρώποισι,
710 2272 810 2338 κακὸν
834 2269 867 2337 d'
895 2275 1101 2340 ε’πικείσεται
1125 2272 1251 2359 ἅλμας».

303 2375 349 2454 ὣς
372 2371 505 2444 εἰποῦσ)
532 2373 637 2462 ὁρέων
661 2374 851 2460 ἐπεμαίετο,
875 2374 953 2452 τοὺς
977 2371 1008 2439 δ’
1036 2372 1101 2458 ἄρα
1125 2378 1225 2455 λαούς

302 2478 351 2556 εἰς
374 2472 475 2568 αὐτὴν
499 2478 549 2546 ἔτι
571 2478 702 2555 πάντας
725 2477 889 2560 ἓλίμπανε
911 2485 1177 2558 παπταίνοντας.

170 2581 342 2661 Quottidie
357 2583 457 2665 Virgo
473 2584 593 2649 Aratea
616 2585 697 2649 illud
720 2583 923 2649 conviciandi
948 2584 1114 2649 consilium
1139 2587 1327 2668 singillatim
1351 2608 1408 2655 ex·

170 2690 286 2751 secuta
308 2692 358 2751 est
379 2705 401 2750 a
421 2705 545 2751 morum
562 2687 762 2768 malignitate
777 2691 968 2750 revocatura
983 2720 1022 2729 -
1039 2686 1082 2749 ad
1103 2688 1285 2754 satietatem
1308 2711 1409 2774 usque

170 2793 204 2853 et
225 2786 410 2854 fastidiuml
449 2786 635 2870 Simplicius
657 2786 885 2871 pulchriusque
905 2786 1016 2851 Musae
1033 2787 1225 2855 Hesiodeae.
1266 2792 1407 2859 Descen-

170 2888 252 2954 dunt
278 2887 356 2955 illac
384 2908 513 2972 quoque
535 2909 553 2954 e
576 2890 730 2954 montium
760 2890 892 2954 secretis
921 2889 1095 2972 quottidie,
1125 2890 1292 2956 adsemel
1321 2915 1405 2960 com·

169 2990 320 3074 paruisse
348 2990 493 3057 Hesiodo
527 2993 604 3056 satis
639 2990 768 3055 habent.
820 2989 956 3055 Hesiodi
990 2991 1096 3055 studio
1130 2998 1163 3055 et
1191 2993 1405 3061 admiratione

170 3091 348 3158 adductum
370 3093 398 3158 si
412 3094 546 3158 Aratum
570 3093 754 3175 sumpseris,
779 3099 813 3155 ut
834 3089 1026 3173 superfluum
1051 3093 1131 3156 illud
1155 3101 1186 3157 et
1207 3095 1404 3177 intempesti-

171 3213 251 3260 vum
274 3194 489 3261 deformitatis
513 3197 695 3279 exemplum
720 3195 790 3277 ipse
813 3201 1033 3274 componeret:
1056 3195 1154 3275 plana
1176 3203 1268 3260 erunt
1286 3201 1402 3265 omnia.

171 3296 242 3362 lam
256 3314 336 3362 vero
358 3296 464 3379 ipsum
486 3316 590 3380 paene
613 3297 811 3380 prooemium
828 3295 1025 3360 Hesiodeum
1041 3297 1158 3361 Aratus
1175 3298 1286 3363 citavit
1302 3322 1332 3366 v.
1342 3305 1403 3366 220

75 3424 79 3431 ¹
172 3396 206 3462 ολ
228 3394 266 3461 δὲ
288 3398 408 3482 νομῆες
430 3399 562 3481 πρῶτοι
583 3410 670 3463 κεῖνο
701 3393 806 3460 ποτὸν
835 3394 1038 3482 διεφήμισαν
1058 3391 1320 3484 Ἱπποοκρήνηνε
1344 3403 1404 3470 hoc

172 3501 259 3567 enim
274 3500 365 3566 Arati
387 3501 460 3566 loco
483 3501 546 3584 ipsi
562 3500 723 3566 Heliconii
745 3506 890 3581 pastores
913 3500 1130 3563 nobilitantur.
1176 3499 1284 3567 Sensit
1307 3508 1402 3572 etiam

172 3600 349 3668 scholiasta
369 3601 414 3667 ad
436 3604 595 3680 v.215.³¹)
640 3604 726 3685 Ergo
750 3601 953 3666 statuendum
985 3602 1029 3665 ita
1058 3622 1127 3666 esse
1158 3623 1340 3690 censemus,
1369 3617 1404 3673 ut

184 3710 219 3715 .--
224 3706 378 3715 --—--

262 3736 296 3800 ⁴⁹l
313 3734 400 3788 Multo
417 3735 507 3803 plura,
526 3751 605 3805 quam
623 3735 710 3803 primo
729 3734 827 3787 obtutu
844 3733 980 3801 putaveris
999 3739 1149 3801 putantque
1167 3744 1337 3791 enarratores
1351 3740 1403 3793 He-

173 3821 243 3875 aiodl
260 3834 294 3874 ac
310 3819 475 3889 maliuolum,
498 3821 526 3874 in
544 3828 658 3889 utroque
684 3821 802 3872 carmine
820 3817 986 3872 conficiendo
1004 3818 1128 3884 religioni
1145 3819 1252 3887 patriae
1270 3822 1403 3879 Hesiodus

173 3911 288 3985 accepta
309 3903 401 3958 refert.
442 3905 537 3959 Puella
557 3898 681 3972 ‘Theop'
704 3921 727 3957 v.
743 3908 855 3971 cltsqq.
881 3919 898 3956 a
917 3903 1040 3956 Minerva
1062 3908 1089 3956 et
1106 3904 1230 3958 Vulcano
1253 3922 1287 3960 ex
1308 3910 1404 3976 argilla

174 3989 265 4044 edicta
282 3994 311 4043 et
328 3988 408 4057 quasi
425 3989 461 4044 ad
478 3990 588 4058 nuptias
604 3994 701 4045 ornata
713 4003 818 4057 semper
836 3987 913 4042 nobis
933 3987 961 4040 in
975 3995 1088 4041 mentem
1103 3989 1283 4043 Daedalorum
1298 3993 1403 4048 Platae-

173 4077 278 4130 anunm
296 4079 427 4128 consueta
444 4081 472 4128 at
495 4075 672 4129 caerimonias
697 4075 804 4127 vocavit
822 4073 903 4132 tPlut.
923 4074 939 4126 l.
955 4089 978 4126 c.
997 4090 1023 4141 p.
1038 4078 1173 4142 lcosqqA
1204 4076 1248 4127 An
1266 4077 1402 4133 fallimur?

258 4160 292 4224 ω)
308 4154 442 4225 κολώνας
458 4161 560 4214 Aratus
579 4159 644 4213 dicit
657 4154 766 4212 ‘urbem
784 4158 812 4210 in
831 4157 946 4211 collibus
964 4151 1062 4211 sitam?
1093 4159 1132 4211 Ct‘.
1152 4175 1175 4209 v.
1190 4162 1248 4213 989.

254 4245 287 4310 ⁸¹)
305 4239 402 4314 εἴληφε
420 4244 450 4300 δὲ
467 4239 519 4315 τὴν
536 4242 667 4317 ἱστορίαν
689 4237 762 4312 παρ’
775 4238 930 4298 Ἡσιόδου·
951 4239 994 4298 διό
1013 4262 1097 4313 φησιν
1110 4237 1151 4298 ‘ol
1170 4248 1274 4314 νομῆες
1291 4252 1403 4319 πρῶται

172 4326 264 4386 ἐκεῖνο
283 4324 319 4385 τὸ
339 4323 434 4385 ποτὸν
447 4324 653 4402 Ἶνινιονκρὴνην
671 4322 847 4397 culparat?

1194 4413 1247 4467 18*
