3174 5160
398 359 445 415 VI.
464 358 664 413 MEMORIAE
681 357 860 411 ARATEAH
878 357 928 410 ΕΤ
946 356 1167 412 HESIODHAE.
1337 353 1399 412 273

167 533 295 613 μοῦνον
324 521 377 596 ὅτ’
410 523 558 617 ὀξείῃσιν
585 522 646 594 ὑπ)
679 521 760 594 ὠὸἱ-
812 522 887 592 ἀλλ’
914 526 1023 616 ἒμπης
1051 527 1101 594 ἔτι
1127 541 1215 594 κεῖνο
1238 519 1312 593 κατ’
1337 519 1400 626 gip-

495 653 589 697 νεσσι
610 643 760 716 γυναῖκες
1078 629 1194 717 χύρεον
1216 635 1309 714 γένος
1331 626 1397 718 ἠεν.

169 731 365 818 τειρόμεναι
386 734 543 799 καλέουσι
564 731 725 820 βοηθόον.
812 727 929 818 ἤρχετο
954 726 985 796 ‹l'
1013 730 1050 809 έξ
1077 725 1181 819 ὀρέων
1203 727 1400 808 ύττοόεἱελος

1234 828 1399 923 ἠχηέντων

811 936 954 1020 μουνάξ,
990 931 1066 1001 οὐδέ
1099 959 1164 1021 τεῳ
1202 933 1400 1021 έπεμέσχετο

1175 1038 1400 1120 μειλιχίοισιν.

170 1143 321 1210 Indicant
347 1142 494 1208 lectores.
542 1142 645 1208 Nobis
674 1149 832 1224 cognatae
862 1141 1012 1208 dictionis
1044 1160 1156 1223 parum
1186 1143 1339 1208 occurrit:
1369 1143 1403 1207 iu

169 1251 360 1327 argumento
389 1243 590 1311 dissentiunt.
635 1243 735 1326 Virgo
762 1242 883 1309 Aratea
913 1264 968 1309 cur
997 1262 1014 1308 e
1043 1244 1199 1308 montium
1227 1244 1403 1309 solitudine

170 1347 292 1428 veniat,
313 1345 455 1411 diximus
469 1365 502 1428 p.
521 1345 626 1411 138⁴02
650 1345 756 1411 Diana
771 1364 828 1427 per
843 1345 943 1411 saltus
959 1351 1102 1410 venatur.
1140 1345 1241 1411 Deest
1256 1347 1289 1409 in
1304 1344 1402 1411 (ialli-

170 1447 304 1530 macho,
328 1446 415 1530 quod
443 1447 530 1531 apud
551 1446 685 1512 Aratum
715 1447 867 1512 momenti
897 1446 1010 1512 summi
1042 1466 1112 1513 esse
1142 1447 1234 1512 nobis
1263 1446 1402 1528 videtur,

171 1549 406 1632 crepusculum.
451 1551 500 1615 Ac
521 1558 610 1615 recte
636 1549 736 1615 deest.
781 1539 838 1611 ὅτε
866 1539 976 1622 οὐδεὶς
999 1540 1100 1632 αὐτὴν
1129 1545 1217 1632 ἑώρα
1246 1551 1403 1632 interpres

171 1653 324 1734 antiquus
340 1650 521 1717 Marcianus
532 1652 618 1716 male
630 1651 815 1735 explicavit,
832 1651 983 1733 quoniam
999 1653 1222 1733 crepusculum
1237 1672 1300 1717 non
1317 1650 1403 1717 idem

172 1760 271 1836 atquc
295 1772 360 1817 nox
383 1757 433 1818 est
454 1753 664 1819 tenebricosa.
709 1752 912 1817 Meminimus
934 1752 968 1816 in
991 1758 1134 1835 tempore
1156 1753 1320 1837 proverbii
1340 1753 1404 1818 Hc·

172 1856 294 1921 siodci:
316 1849 498 1934 «μακάρων.
514 1876 568 1917 τοι
584 1850 694 1928 νύκτες
710 1851 824 1918 ἔασιν»
847 1844 966 1936 (Oppi
986 1874 1016 1929 v.
1034 1857 1107 1922 730)
1128 1848 1237 1921 ‘noctu
1259 1855 1404 1919 ambiunt

172 1948 246 2022 dii’.
291 1956 478 2022 Memoriam
501 1956 598 2039 igitur
622 1975 663 2020 ex
683 1956 781 2020 Arato
805 1955 968 2038 demptam
992 1957 1210 2037 quaesivimus
1232 1957 1349 2021 frustra
1372 1956 1404 2020 in

172 2057 383 2126 Callimacho.
429 2057 635 2140 Margaritam
659 2056 855 2123 Hesiodeam
878 2056 1081 2122 lucrabimur.

257 2150 495 2242 ‘'l‘heogoniac'
521 2159 706 2225 Hesiodeae
734 2160 935 2242 prooemium
961 2177 980 2224 e
1002 2160 1147 2223 versibus
1174 2164 1264 2222 1-4.
1289 2164 1403 2223 9-10.

174 2267 301 2328 22-35
330 2263 478 2344 llllgerus
505 2253 588 2335 l‘De
615 2279 758 2343 prooem.
782 2258 907 2342 'l'heog
939 2251 1036 2342 Hea',
1066 2259 1330 2338 Berolin11873)
1359 2262 1405 2325 ita

174 2365 367 2447 rcconlegit,
397 2369 432 2427 nt
461 2382 557 2427 unam
579 2363 683 2429 solam
703 2382 771 2427 rem
794 2362 958 2427 desereret
979 2361 1138 2426 infectam.
1183 2361 1317 2426 Invocat
1339 2362 1405 2427 He-

174 2468 286 2534 siodus
319 2467 478 2532 Ascraeus
500 2485 531 2528 v.
548 2468 647 2547 9sqq.
670 2464 778 2530 Musas
801 2464 833 2528 in
856 2462 1012 2528 Helicone
1035 2463 1199 2545 degentes,

302 2565 400 2632 ’ἐνθεν
424 2557 670 2648 ἀπορνύμεναι,
693 2564 934 2646 κεκαλυμμέναι
956 2555 1029 2650 ἠέρι
1052 2562 1177 2647 πολλῇ,

302 2666 448 2748 ἐννύχιαι
470 2679 600 2748 στεῖχον
623 2666 824 2749 περικαλλέα
847 2660 952 2731 ύσσαν
980 2663 1099 2729 ἱεῖσαι.

304 2768 342 2835 αῗ
363 2767 399 2834 νύ
422 2762 511 2833 ποθ’
532 2762 691 2833 Ἡσίοδον
712 2763 814 2852 καλὴν
838 2764 992 2842 ἐδίδαξαν
1016 2759 1151 2854 αἰσιὸήν,

303 2866 407 2958 ἄρνας
428 2862 655 2953 ποιμαίνονθ)
678 2864 849 2944 Ἑλικῶνος
870 2863 937 2933 ind
962 2866 1114 2946 ζαθέοιο.

172 2973 291 3045 ‘Noctu
305 2979 345 3041 in
368 2974 524 3040 Helicone
546 2973 697 3040 incedere
726 2972 873 3038 solebant
894 2972 1015 3036 Musae.
1060 2970 1131 3036 Hac
1161 2971 1245 3036 enim
1273 2991 1309 3037 re
1337 2974 1408 3037 sola

176 3079 404 3162 intellegimus,
426 3076 589 3159 quomodo
604 3074 674 3141 fieri
693 3074 844 3158 potuerit,
867 3080 902 3137 ut
917 3092 989 3137 cum
1004 3072 1149 3138 Hesiodo
1165 3074 1223 3139 sub
1240 3072 1407 3139 Heliconis

175 3184 252 3265 iugo
274 3197 390 3264 greges
404 3184 557 3261 pascente
580 3167 863 3260 congrederentur'
882 3175 1030 3256 Ellgcrus
1044 3175 1092 3238 ait
1107 3195 1138 3256 p.
1152 3177 1192 3240 29
1207 3176 1279 3256 ipse
1298 3195 1407 3241 secum

175 3284 327 3366 idemque
355 3299 428 3346 cnm
458 3279 602 3344 Hesiodo
634 3277 831 3361 discrepans.
881 3276 992 3342 Musae
1022 3278 1108 3342 euim
1138 3278 1166 3343 si
1194 3278 1346 3342 incedunt
1375 3279 1407 3341 in

175 3384 343 3465 Helicone,
365 3388 530 3464 apastorc
552 3377 595 3444 ad
616 3381 731 3447 montis
752 3379 853 3462 pedes
878 3398 950 3443 cum
972 3397 1089 3462 pecore
1112 3386 1328 3444 commorante
1350 3380 1408 3443 mi·

176 3506 245 3551 rum
269 3489 423 3568 quantum
453 3481 669 3562 seiunguntur.
708 3481 882 3548 Sententia
903 3481 1061 3562 postulat,
1092 3491 1126 3544 ut
1148 3481 1345 3545 decesserint
1365 3480 1408 3545 ad

176 3586 355 3653 Hesiodum
379 3584 461 3648 deae
485 3586 640 3647 nocturno
661 3588 815 3666 tempore,
837 3590 939 3647 artem
962 3583 1121 3665 poeticam
1149 3580 1317 3666 docturac:
1351 3582 1407 3646 ad-

177 3689 275 3754 mittit
303 3691 420 3769 poetae
445 3681 600 3758 oratio⁴⁴).
642 3682 693 3751 Ita
719 3686 804 3751 enim
828 3684 909 3749 duco
932 3685 1033 3749 Arato
1062 3686 1321 3765 interpretamur:
1352 3676 1408 3747 ‘ab

264 3889 298 3951 λ’)
316 3887 383 3940 Mox
395 3884 495 3938 accidit
506 3912 542 3922 -
553 3883 672 3937 fcrtame
682 3884 765 3938 terlio
781 3885 835 3938 iam
847 3885 957 3938 saeculo
971 3915 1003 3922 —
1017 3889 1115 3938 utnon
1130 3881 1209 3936 modo
1221 3881 1302 3934 aliter
1314 3896 1408 3934 narra-

179 3978 255 4029 retur
280 3973 420 4026 Musarum
446 3968 519 4038 apud
538 3965 687 4023 Hesiodum
707 3972 898 4040 commoratio,
924 3970 971 4024 sed
994 3969 1080 4037 ipsius
1099 3965 1211 4021 Hesiodi
1229 3965 1302 4018 dicta
1319 3965 1409 4019 inver-

178 4063 310 4113 leuentur.
348 4055 523 4123 Epigramma
541 4044 906 4117 enlm‘auln.1al.’1xsr‚
926 4056 1005 4110 modo
1019 4051 1175 4120 Asclepiadi
1193 4051 1273 4104 modo
1292 4051 1410 4104 Archiae

179 4125 322 4209 tributum,
340 4141 427 4194 utitur
446 4138 560 4192 materia
576 4134 721 4203 amma,
737 4138 786 4193 aed
803 4138 951 4208 quomodcl

334 4217 417 4280 αύταὶ
435 4224 629 4292 ποιμαίνοντα
643 4218 824 4295 μεσημβρινὰ
842 4220 917 4294 μῆλά
937 4244 970 4280 σε
991 4227 1105 4278 Μοῦσαι

367 4304 491 4377 ἔδρακον
508 4305 541 4362 ἐν
556 4312 698 4377 κρανααῖς
714 4300 838 4383 οὔρεσιν,
851 4302 964 4364 Ἡσίοδε
982 4304 1048 4365 κτλ.’

229 4396 341 4447 Philolog.
355 4394 556 4444 Untersucnuugeu
566 4388 622 4435 ΣΠ.
1225 4396 1253 4445 18
