3174 5160
483 342 489 346 “
561 358 608 413 1v.
629 359 678 412 ee
697 357 870 413 οαιτετε
888 358 1075 414 MALLOTA.
1373 359 1434 418 193

288 533 395 600 Strab.
417 535 433 600 I
455 555 487 620 p.
505 536 545 599 30
569 531 641 599 Cae.
745 530 823 607 τοὺς
854 531 889 596 δὲ
912 530 1160 617 γραμματικοὺς
1189 533 1434 618 (Apollodorum

204 636 433 703 Atheniensem
448 637 625 719 impugnat,
646 636 684 702 ef.
701 634 762 700 VII
776 655 807 717 p.
825 638 899 712 298)
915 633 1000 721 μηδὲ
1016 634 1167 718 λέγοντος
1183 633 1307 702 ἐκείνου
1323 640 1436 725 (φημί)

205 735 437 802 αἰσθάνεσθαι
461 729 530 804 άπδ
554 730 772 823 Ἀριστάρχου
794 738 851 801 καὶ
875 739 1135 802 ΚΡΑΤΗΤΟΣ
1154 739 1220 801 τῶν
1242 746 1433 827 κορυφαίων

204 839 236 904 ἓν
257 842 300 927 τῇ
316 838 484 927 ἐπιστήμῃ
500 837 613 925 ταύτῃ.
652 837 809 915 εἰπόντος
831 836 892 923 γάρ
907 841 967 902 τοῦ
984 841 1129 925 ποιητοῦ
1144 838 1357 920 «Αἰθίοπας,
1380 844 1433 906 τοὶ

178 953 188 1001 5
205 939 308 1023 διχθά
324 941 510 1021 δεδαίαται,
534 940 668 1022 ἐ’σχατοι
685 934 834 1024 άνδριῦν»
856 940 930 1023 (Od.
948 942 962 1006 I
978 964 1009 1006 v.
1026 941 1081 1024 23)
1104 943 1180 1027 περὶ
1197 943 1256 1006 τοῦ
1272 939 1434 1029 ἐπιφερο-

203 1047 301 1124 μένου
324 1041 428 1121 έπους
443 1043 674 1130 διαφέρονται,
698 1038 714 1108 δ
732 1043 793 1126 μὲν
807 1035 1025 1128 Ἀρίσταρχος
1039 1042 1177 1130 γράφων
1192 1046 1244 1108 «οἳ
1258 1044 1319 1127 μὲν
1335 1044 1433 1110 δυσο-

203 1148 301 1226 μένου
314 1139 517 1227 Ὑπερίονος,
542 1147 576 1211 οἳ
592 1138 624 1209 δ>
651 1138 821 1221 άνιόντος»
838 1139 855 1209 ό
874 1144 910 1209 δὲ
927 1147 1121 1209 ΚΡΑΤΗΣ
1134 1139 1235 1231 «ἠμὲν
1251 1144 1433 1228 δυσομένου

202 1241 399 1332 Ὑπερίονος,
421 1239 476 1334 ἠδ’
504 1239 674 1324 άνιόντος»
698 1240 793 1312 οῦδὲν
810 1246 971 1333 διαφέρον
987 1244 1074 1332 πρὸς
1096 1245 1155 1334 τὴν
1171 1245 1325 1333 ἑκατέρου
1347 1243 1434 1313 ὑπό-

183 1369 184 1373 *
205 1353 301 1414 θεσιν
317 1348 425 1425 οὕτως
446 1339 467 1434 ἢ
484 1347 616 1427 ἐκείνως
630 1349 779 1435 γράφειν.
818 1343 912 1430 ὁμέν
933 1346 996 1433 χάρ
1013 1341 1210 1414 άκολουθιῦν
1232 1362 1304 1426 τοῖς
1318 1354 1432 1434 μαθη-

170 1459 189 1509 Ιί
204 1453 349 1532 μανικῶς
380 1451 540 1535 λέγεσθαι
569 1452 704 1517 δοκοῦσι
732 1449 792 1538 τὴν
822 1450 1078 1537 διακεκαυμένην
1107 1449 1209 1537 ζώνην
1231 1454 1434 1578 κατέχεσθαί

207 1574 304 1640 φησιν
337 1547 407 1618 ὗπδ
436 1555 496 1618 τοῦ
525 1547 694 1619 Ὠκεανοῦ·
728 1546 812 1638 παρ’
849 1551 1002 1637 ἑκάτερον
1033 1552 1069 1618 δὲ
1100 1552 1222 1640 ταύτης
1255 1548 1341 1619 εἶναι
1375 1551 1434 1640 τὴν

207 1677 376 1780 εηκρατον,
399 1679 473 1776 την
480 1679 517 1720 τε
538 1648 620 1720 καθ
646 1651 733 1742 ημῦς
754 1657 809 1721 καὶ
832 1654 892 1740 τὴν
916 1655 973 1721 ἐπὶ
997 1654 1142 1738 θάτερον
1164 1660 1273 1742 μέρος
1318 1653 1433 1738 ιῖίσπερ

207 1751 256 1820 οῦν
280 1757 314 1822 οἱ
344 1779 416 1840 παρ
455 1751 534 1842 ημῖν
556 1756 735 1876 Αἰθίρπες
765 1750 858 1823 οῦτοι
882 1758 1087 1880 λέχηνται
1056 1782 1088 1822 οι
1117 1755 1204 1843 πρὸς
1225 1761 1434 1843 μεσημβρίαν

205 1858 388 1941 κεκλιμένοι
415 1853 498 1941 παρ’
532 1851 611 1947 όλην
633 1883 693 1978 την
722 1858 954 1946 οἰκουμένην”
937 1882 1070 1941 εοχατοι
1092 1863 1157 1924 τῶν
1180 1853 1289 1924 άλλων
1311 1883 1434 1947 παροι-

171 1969 190 2019 15
205 1964 332 2038 κοῦντες
355 1958 414 2026 τόν
432 1953 601 2042 Ωκεανόν,
632 1953 737 2038 οότιος
767 1962 874 2027 οἴεται
898 1960 966 2028 δεῖν
988 1963 1044 2027 καὶ
1073 1967 1179 2048 πέραν
1201 1964 1261 2027 τοῦ
1279 1954 1434 2027 Ὠκεανοῦ

206 2067 360 2129 νοεῖσθαί
386 2087 482 2141 τινας
510 2061 695 2141 Αἰθίοπας
724 2062 881 2145 ἐσχάτους
909 2067 974 2128 τιῦν
998 2058 1107 2129 άλλων
1130 2067 1195 2129 τιῦν
1219 2063 1252 2130 ἓν
1274 2067 1315 2151 τῇ
1337 2062 1433 2151 ἑτέρηι

206 2193 359 2288 εὐκράτῳ,
382 2202 629 2283 παροικοῦντας
650 2199 709 2268 τόν
733 2193 791 2266 αὖ·
843 2201 1001 2267 IGemin.
1018 2222 1049 2285 p.
1064 2202 1145 2267 53A
1162 2237 1201 2246 —
1217 2223 1248 2285 p.
1266 2207 1306 2266 54
1321 2203 1433 2268 Petav.

205 2299 256 2368 τὸν
271 2304 394 2368 τοῦτον
406 2293 576 2367 Ὠκεανόν·
601 2302 733 2380 διττοῦς
756 2303 791 2368 δὲ
844 2298 911 2368 ῦπδ
932 2302 968 2368 δὲ
983 2299 1042 2387 τὴν
1059 2302 1315 2391 διακεκαυμένην
1331 2302 1434 2392 ζώνην

208 2399 289 2470 είναι
311 2405 368 2470 καὶ
398 2401 501 2485 διχθά
531 2403 701 2470 δεδόσθαι
721 2401 790 2471 ὑπὸ
844 2405 932 2482 τινὲς
955 2407 1021 2469 τιῦν
1045 2397 1193 2488 άρχαίων
1216 2399 1433 2494 ἀπεφήναντο

173 2509 260 2572 λτοῦ
283 2500 451 2572 Ὠκεανοῦ.
496 2513 726 2587 προσκεῖσθαι
757 2507 792 2573 δὲ
847 2499 905 2586 (τόν
929 2504 1000 2572 ἐστι
1022 2510 1078 2573 καὶ
1094 2502 1307 2595 Κλεάνθηςό
1333 2530 1434 2573 στωι-

207 2606 239 2674 τδ
262 2602 361 2698 «ἠμὲν
387 2608 569 2690 δυσομένου
589 2604 792 2692 Ὑπερίονος,
844 2605 901 2685 κός
943 2607 1133 2696 φιλόσοφος
1165 2610 1197 2675 ΙΙ
1225 2633 1257 2695 p.
1279 2612 1356 2676 XlV
1372 2613 1433 2688 W.)

207 2702 254 2798 ηδ’
282 2704 466 2791 ἀνιόντος»,
487 2702 541 2776 ότι
555 2713 615 2776 τοῦ
631 2709 792 2796 ζῳδιακοῦ
845 2704 1076 2791 ὑποκεχύσθαι
1107 2709 1231 2794 μεταξὺ
1262 2715 1328 2776 των
1356 2737 1434 2794 τρο-

208 2812 285 2878 κατά
308 2811 457 2899 κορυφὴν
486 2807 582 2889 όντος
613 2806 665 2879 άεὶ
688 2818 736 2899 τηῦ
759 2812 792 2880 ἐν
845 2816 954 2878 πικῶν
969 2807 1201 2880 τόνΏκεανόν.
1232 2808 1434 2891 οἶςάκολού-

208 2918 242 3002 τῇ
269 2917 311 3001 χῄ
335 2913 503 3000 ζφδιακῴ,
531 2913 650 2980 τοῦτου
678 2911 707 2981 δ’
735 2910 792 2982 οῦκ
845 2919 918 2992 θως
939 2918 994 2981 καὶ
1020 2921 1215 2981 ΚΡΑΤΗΣ
1239 2911 1256 2982 δ
1280 2942 1433 3000 γραμμα-

174 3022 192 3072 λδ
209 3013 413 3101 ἐκβαίνοντας
436 3015 498 3092 έξω
520 3018 579 3103 τῆς
600 3016 792 3085 Αἰθιόπων
844 3015 936 3093 τικὸς
957 3017 1016 3105 την
1032 3018 1162 3105 πλάνην
1178 3021 1238 3083 τοῦ
1250 3011 1434 3093 Ὀδυσσέως

209 3111 332 3206 άμφοῖν
354 3143 395 3204 τχ
417 3117 567 3202 λοξιόσει,
592 3112 714 3207 άνάχκη
737 3122 792 3184 καὶ
847 3118 1037 3186 διατάσσων
1052 3123 1107 3186 καὶ
1119 3119 1178 3205 τὴν
1191 3112 1271 3206 ὅλην
1285 3134 1433 3206 σφαῖραν

207 3219 259 3309 τὴν
280 3219 436 3303 πάροδον
466 3223 525 3286 τοῦ
555 3217 650 3308 ἡλίου
680 3223 793 3286 πᾶσαν
846 3224 904 3308 τῆς
919 3224 977 3308 χης
991 3221 1215 3308 καταγράφων
1230 3234 1302 3298 τοῖς
1324 3217 1433 3305 ὁριζο-

208 3320 236 3387 έν
262 3326 313 3410 τῷ
342 3322 465 3389 πλάτει
494 3321 603 3408 τούτῳ
626 3328 792 3402 νοεῖσθαι,
845 3328 958 3404 μένοις
981 3323 1119 3403 κόκλοις,
1142 3321 1433 3409 καθώςπροειρή-

207 3423 341 3502 καὶτὰς
365 3417 532 3500 άνατολάς
561 3427 616 3489 καὶ
644 3423 706 3501 τάς
735 3424 792 3490 δύ·
844 3450 955 3540 καμευ,
980 3439 1075 3491 ποιεῖ
1088 3423 1211 3508 μεταξὺ
1227 3428 1294 3492 τιῦν
1312 3450 1433 3508 τροπι-

173 3533 273 3605 3ίσεις
297 3531 494 3611 συμβαίνειν
517 3525 666 3592 ενταῦθα
690 3521 793 3603 άλλας
845 3552 910 3591 κων
921 3552 980 3593 τον
989 3521 1206 3593 Ὡκεανδυκεί
1193 3533 1314 3611 ίμενον,
1331 3529 1433 3613 λέχων

209 3623 317 3705 άλλοις
345 3630 401 3693 καὶ
436 3621 510 3693 κατ’
542 3617 677 3694 άλλα
633 3653 674 3746 J]
708 3623 792 3693 αλλα
846 3622 1044 3705 άκολοόθως
1077 3643 1149 3707 τοῖς
1182 3635 1435 3718 μαθηματικοῖς

208 3744 333 3819 σημεῖα.
380 3729 489 3852 ε’ίρηκε
515 3755 577 3814 μεν
608 3727 665 3796 οῦν
688 3721 793 3807 οῦτως
845 3729 936 3816 (epe)
969 3735 1027 3819 τῆς
1066 3723 1145 3818 άλης
1183 3736 1242 3822 γῆς
1283 3733 1433 3810 διάταξιν

208 3823 529 3920 άστρονομικιότερον
552 3841 741 3916 νομίσας..
784 3885 791 3900 .
845 3838 1036 3900 ποιεῖσθαι
1079 3861 1099 3920 η
1130 3835 1165 3901 δὲ
1192 3835 1329 3921 τοιαότη
1360 3835 1434 3900 διά-

207 3933 288 4022 πρός
309 3935 371 4020 μὲν
394 3931 704 4001 οῦνΚΡΑΤΗΤΑ
726 3962 792 4017 ι-ια
844 3934 938 4012 ταξις
978 3929 1190 4022 άλλοτρία’
1177 3940 1248 4002 εστὶ
1286 3941 1343 4003 καὶ
1374 3942 1434 4003 τοῦ

169 4040 279 4121 θκροῦ
309 4035 408 4122 λόχου
439 4038 492 4104 δεῖ
512 4041 568 4104 καὶ
590 4037 674 4114 ἰ’σως
697 4031 792 4103 οῦδὲν
844 4042 1085 4125 μαθηματικοῦ
1120 4042 1173 4104 καί
1203 4044 1262 4104 τοῦ
1291 4045 1434 4126 φυσικοῦ

209 4133 297 4217 ὄντος
331 4136 419 4225 πρὸς
451 4136 494 4204 τά
528 4143 593 4205 νῦν.
649 4142 793 4208 ¹Noverat
846 4138 953 4224 λόχου,
977 4143 1031 4205 καὶ
1049 4166 1120 4227 παρ
1127 4134 1390 4206 Ηυῦδενὶτιῦν
1373 4167 1433 4225 αρ-

241 4290 245 4301 .
288 4329 321 4380 32
340 4325 471 4395 supplevi.

254 4410 361 4464 Philolog.
375 4411 575 4464 Untereuehungen
586 4411 640 4454 XII.
1250 4416 1279 4464 13
