3174 5160
514 355 562 411 rv.
582 355 633 410 nn
652 355 824 411 cnsrnrn
842 339 1039 412 mannorss
1324 355 1385 414 εσυ
1488 408 1489 411 .

151 537 304 598 accurate
326 529 526 612 Dionysiaca
548 535 656 595 narrat
678 529 833 594 nonnulla
856 535 887 594 et
909 529 953 595 ad
968 529 1082 595 Asiam
1106 537 1138 595 et
1160 530 1202 596 ad
1224 529 1385 612 Europam

151 633 343 716 spectantia.
379 631 455 696 Alia
476 650 548 697 oum
565 629 716 697 deficiant
739 630 922 713 inquirendi
944 639 1144 714 argumenta,
1166 632 1317 697 notabilis
1333 630 1386 697 hio

152 734 278 817 duplex
301 735 334 798 in
356 733 493 799 materia
515 751 698 800 consensus.

238 836 355 901 Fatum
370 853 462 899 suum
479 832 592 900 habuit
607 835 814 916 Neoptolemi
836 835 1000 900 memoria.
1041 835 1124 900 Nam
1141 834 1300 900 Athenaei
1319 835 1385 918 opi·

150 944 241 1003 toma
256 934 433 1002 secundum
448 936 646 1001 Msinelrium
662 956 694 1018 p.
708 938 768 1001 337
784 929 1040 1002 ‘Analectorum'
1067 934 1261 1019 Κυπριανός
1277 956 1295 1003 e
1310 941 1386 1000 Πα-

151 1035 268 1122 ριανός
292 1036 453 1114 effeoit⁴³lz
477 1056 541 1119 quo
564 1038 682 1102 utimur
705 1037 948 1120 depravationis
971 1056 1090 1120 genere
1112 1037 1156 1102 ad
1171 1038 1268 1103 Probi
1288 1039 1385 1103 inter-

149 1145 388 1225 pretamentum
411 1139 631 1222 Vergilianum
656 1139 902 1205 emendandum.
948 1141 980 1205 Is
1002 1140 1044 1205 ad
1064 1131 1204 1224 ‘Georgi
1230 1140 1300 1205 Iv.
1324 1143 1387 1202 244
1512 1147 1520 1164 ’

149 1265 181 1328 p.
196 1248 237 1308 42
250 1243 291 1307 Κ.
316 1241 423 1307 citatis
437 1241 588 1308 Mercurii
604 1239 841 1307 Eratosthenioi
856 1243 1003 1308 versibus
1019 1243 1179 1310 nonnullis
1199 1237 1294 1304 ‘nam
1309 1238 1387 1324 qui-

151 1339 245 1408 dam'
272 1381 315 1392 -
338 1344 441 1427 iuquit
462 1381 504 1391 —
524 1337 649 1406 ‘cubem
679 1347 857 1406 lemanum
887 1343 1145 1429 desem'psenunl
1174 1342 1213 1405 in
1226 1342 1386 1426 formam

151 1446 293 1510 litterae
316 1448 357 1528 Θ
375 1449 409 1507 et
429 1443 468 1508 in
491 1442 724 1518 lineamentis,
752 1465 842 1527 quae
857 1452 924 1530 per
937 1445 1125 1509 circuitum
1148 1442 1386 1509 ambiuntlil·

150 1555 272 1623 leram,
288 1546 449 1632 formem
465 1546 632 1632 referunt
649 1543 779 1611 Oceani
793 1568 894 1630 quem
910 1554 998 1611 necle
1022 1548 1172 1636 ζωστῆρα
1186 1551 1246 1613 τοῦ
1260 1547 1386 1630 κόσμου

150 1649 340 1723 acuerunt,
372 1653 414 1711 ut
433 1647 617 1712 Parianus
639 1645 809 1732 (Cynillus
832 1651 939 1726 codd.)
968 1671 1045 1714 eum
1076 1649 1130 1714 ait
1156 1644 1328 1728 «Ὠκεανός,
1359 1641 1387 1733 ᾦ

150 1756 248 1818 πᾶσα
282 1757 482 1837 περίρρυτος
515 1748 717 1834 inducebar
746 1749 871 1830 χθών».
920 1753 966 1814 In
996 1751 1110 1815 media
1144 1759 1260 1816 autem
1283 1755 1387 1836 parte

149 1853 248 1919 linea
278 1874 369 1940 quae
398 1851 583 1917 deducitur
608 1848 829 1915 Atlanticum
855 1852 1030 1917 Oceanum
1050 1855 1179 1938 fertur
1207 1851 1387 1917 transmit·

149 1963 239 2034 tere,
268 1956 364 2043 quod
389 1976 485 2020 mane
514 1952 674 2018 tradetur
701 1952 889 2017 subiectum
909 1955 1040 2040 plagae
1062 1953 1325 2041 aequinoctiali,
1355 1959 1390 2017 et

149 2058 202 2122 sic
217 2057 352 2124 debebas
374 2077 445 2121 esse
467 2059 557 2121 duas
573 2061 695 2141 parles
717 2053 816 2130 ονδιε,
840 2079 992 2141 querum
1016 2080 1077 2121 nas
1098 2057 1290 2121 habitemus
1313 2076 1386 2118 eam

149 2159 313 2246 quaesit
334 2159 375 2223 ab
397 2157 529 2223 amente
551 2157 736 2232 dexterior,
760 2163 864 2242 alque
887 2180 957 2221 esse
980 2159 1177 2234 verebamile,
1205 2165 1246 2223 ul
1267 2159 1387 2222 aduer-

149 2283 226 2326 sam
249 2260 341 2347 pari
367 2265 482 2329 tractu
503 2259 651 2324 solidam
669 2280 759 2343 gens
788 2259 862 2323 alia
884 2261 1064 2325 lominum
1092 2255 1286 2324 inhabitet.
1330 2255 1392 2326 Se?

151 2373 293 2450 quantur
304 2367 470 2450 adscripta
484 2386 516 2448 p.
532 2369 602 2430 179.
632 2361 858 2425 IIAPIANOC
874 2372 906 2430 et
919 2362 1143 2427 ΚΥΡΙΛΛΟΟ
1158 2369 1201 2439 (et
1215 2357 1387 2425 ΚΥΠΡΙΑ-

151 2466 265 2546 NOC)
296 2468 487 2551 quantillum
518 2466 653 2548 distent,
688 2467 901 2532 manifestum.
949 2468 1032 2550 Eget
1062 2467 1258 2533 correctione
1289 2464 1387 2529 etiam

149 2576 352 2655 Anonymus,
377 2589 472 2651 quem
498 2568 581 2634 salso
605 2567 716 2632 dicunt
738 2568 897 2634 Achillem
913 2570 964 2646 (of.
981 2589 1011 2652 p.
1032 2571 1093 2651 16),
1117 2587 1149 2651 p.
1168 2571 1228 2632 168
1245 2565 1387 2632 Petavii:

150 2667 169 2738 ὃ
196 2672 230 2737 δὲ
261 2665 383 2752 ὁρίζων
411 2671 541 2753 λέγεται
570 2674 639 2751 μέν,
671 2666 788 2752 ἐπειδὴ
819 2668 957 2752 διορίζει
986 2667 1071 2734 κατὰ
1101 2668 1231 2745 πλάτος
1258 2665 1310 2733 τὰ.
1329 2665 1387 2730 δύο

150 2769 361 2860 ἡμισφαίρια
385 2769 558 2853 διάζωσμα
581 2760 626 2836 α’λν
641 2774 700 2835 τοῦ
717 2764 874 2854 οὐρανοῦ·
898 2784 1004 2836 κεῖται
1025 2771 1061 2836 δὲ
1078 2770 1140 2847 ἔξω
1156 2774 1213 2858 τῆς
1229 2774 1387 2855 σφαίρας,

151 2871 199 2951 ὥς
220 2873 310 2960 πρὸς
332 2871 392 2957 τὴν
415 2867 576 2959 ἡμετέραν
599 2866 693 2958 lusi,
717 2875 764 2957 τῴ
788 2865 819 2935 δ’
841 2865 964 2958 ἀληθεῖ
988 2877 1047 2953 (τω
1071 2866 1102 2936 δ’
1124 2865 1250 2958 ἀληθὲς
1271 2871 1388 2943 codex)

151 2979 201 3061 τῷ
216 2979 264 3061 νῷ
288 2969 390 3040 αὐτὸν
413 2973 479 3040 ἔσω
503 2974 554 3040 δεῖ
576 2976 785 3059 παραλαβεῖν
809 2979 968 3056 κείμενον.
1007 2975 1040 3039 οἱ
1064 2974 1100 3039 δὲ
1120 2964 1387 3060 ποιηταὶὨκεα-

153 3075 212 3145 νδν
236 3070 339 3142 αὐτὸν
364 3077 533 3143 καλοῦσιν.
577 3072 595 3142 δ
619 3080 696 3161 γοῦν
720 3070 898 3164 Εὐφορίων
922 3079 971 3155 (fr.
987 3080 1045 3141 108
1069 3099 1100 3160 p.
1115 3083 1174 3141 155
1190 3077 1244 3150 M.)
1268 3080 1386 3160 φησίν·

152 3173 335 3258 «Ὠκεανός,
358 3181 407 3263 τῷ
423 3183 520 3244 πᾶσα
536 3183 736 3263 περίρρυτος
752 3177 919 3243 ἐνδέδεται
935 3176 1118 3258 (ἐνδίδοται
1133 3179 1249 3256 codex)
1262 3174 1387 3257 χθών».

152 3318 192 3383 In
214 3322 306 3382 tanta
327 3316 491 3400 Anonymi
514 3336 584 3382 cum
608 3315 737 3382 Achille
761 3315 971 3393 similitudine
994 3315 1024 3376 Ο
1049 3313 1207 3375 ΠΑΡΙΑΝ
1230 3334 1288 3397 pro
1312 3309 1388 3374 ΕΥ-

153 3410 322 3487 coelum
341 3423 576 3500 exspectamus.
610 3414 702 3502 [Sero
721 3418 803 3484 hanc
818 3419 1034 3484 coniecturam
1052 3417 1192 3484 vidimus
1208 3417 1249 3482 ab
1265 3415 1389 3480 Hillero

152 3517 408 3602 (Eratosthenis
431 3519 606 3584 carminum
630 3511 801 3602 reliquiae'
827 3540 858 3602 p.
876 3522 928 3594 78)
952 3514 1163 3604 occupatam]

242 3620 436 3703 Quaerenti,
466 3621 543 3703 quid
567 3621 646 3686 velit
668 3622 730 3686 sibi
754 3619 961 3685 «ἐνδέδεται»
992 3623 1110 3704 imago,
1140 3623 1275 3687 fortasse
1298 3619 1388 3685 vide-

153 3725 241 3790 bitur
263 3723 438 3788 Homerioa
465 3723 507 3787 ob
537 3721 597 3787 Od.
613 3723 694 3787 XIII
716 3728 892 3808 v.163sq.,
923 3725 978 3789 ubi
1007 3723 1176 3806 Neptunus
1206 3722 1387 3787 Phaeacum

153 3846 272 3892 navem
285 3824 386 3887 «λᾶαν
398 3821 501 3909 ἔθηκε
515 3825 569 3887 καί
583 3820 759 3907 ἐρρίζωσεν
773 3824 907 3908 crepon
921 3826 1009 3906 χειρὶ
1019 3837 1225 3911 καταπρηνεῖ
1237 3821 1358 3899 ἐλάσας
1364 3852 1387 3887 ».
1514 3900 1515 3903 ¹

155 3925 229 4004 Qua
257 3926 400 4010 imagine
429 3926 600 3992 utebantur
628 3927 803 3994 Homerum
831 3930 934 3995 secuti
962 3928 1181 3994 Callimachus
1201 3922 1332 4012 ‘Hymn
1355 3929 1388 3991 in

154 4017 289 4093 Delum'
316 4048 348 4092 v.
366 4031 407 4092 53
420 4049 467 4112 sq.
497 4024 565 4092 «ἐνὶ
587 4026 701 4113 πόντῳ
728 4027 870 4110 κύμασιν
892 4029 1056 4112 Αἰγαίοιο
1088 4027 1202 4094 ποδῶν
1227 4028 1389 4115 ἒνεθήκαο

243 4230 279 4295 ⁴⁸)
296 4229 328 4284 In
340 4227 427 4282 Rhesi
439 4229 542 4283 scholio
554 4231 590 4285 ad
602 4247 625 4283 v.
639 4234 689 4284 342
702 4247 755 4285 non
771 4233 866 4306 Καρίᾳ
878 4231 961 4299 (quod
974 4231 1093 4285 Gaedius
1107 4226 1161 4285 ‘De
1173 4232 1248 4284 Dem.
1263 4226 1385 4298 Scepsio‘

154 4327 182 4382 p.
196 4318 230 4369 25
247 4314 276 4369 in
290 4318 423 4387 Παριανῇ
434 4314 569 4380 mutabat)
582 4315 629 4368 sed
643 4308 717 4392 Ἀσία
729 4315 866 4369 codicibus
879 4315 970 4369 offerri
982 4316 1141 4370 Schwartzii
1154 4316 1234 4372 editio
1246 4318 1387 4370 monstrat.
