3174 5160
282 337 331 392 111.
351 338 401 391 DE
421 337 534 392 hunul
551 337 820 392 INTERPRETUM
839 337 899 404 QUI
917 337 1068 392 FERTUR
1086 338 1289 393 CATALOGO.
1339 338 1398 396 151

174 510 230 574 ille
260 512 479 593 grammaticis
508 511 593 578 haud
631 513 734 577 minus
763 513 907 578 incubuit
941 532 1036 595 quam
1071 512 1215 594 poeticis.
1265 512 1402 596 Scripsit

172 604 280 694 ‘liobe
303 604 502 698 Zaro'dowv'
521 614 559 679 fr.
575 613 623 678 XI
639 614 702 690 (ed.
719 613 895 694 Michaelis,
920 613 1130 691 Halis1875).
1168 613 1399 681 Grammaticus

175 722 243 781 erat
272 716 370 781 etiam
391 715 453 798 Ap.
477 715 623 781 Archihii
645 717 685 798 l,
716 724 748 782 et
775 716 1003 800 grammaticus
1033 722 1065 781 et
1092 714 1202 781 rhetor
1230 719 1289 799 Ap.
1313 718 1399 783 Molo

174 815 348 892 (Schrader
364 807 506 899 ‘Porph'
532 818 547 882 I
569 837 600 901 p.
620 820 701 895 126).

257 922 286 983 9.
299 921 540 986 Amsrnaoflus
547 919 675 985 Samus
682 920 908 986 celeberrimus
921 926 953 983 et
960 926 1160 986 astronomus
1169 931 1201 986 et
1212 939 1316 986 rerum
1327 942 1398 986 oae-

173 1020 298 1086 lestium
313 1023 457 1105 scriptor.
482 1022 625 1103 Reliquit
636 1021 691 1086 ille
700 1014 800 1103 ίΠερὶ
811 1022 964 1105 μεγεθῶν
975 1021 1031 1084 καί
1045 1012 1291 1106 ἀποστημάτων
1304 1015 1398 1104 ἡλίου

176 1122 227 1185 καὶ
241 1115 393 1208 τείρους’
408 1123 562 1188 libellum.
586 1123 672 1188 Inter
684 1123 958 1207 canonographos,
971 1125 991 1188 i.
1004 1143 1031 1189 e.
1045 1123 1300 1190 calendariorum
1313 1145 1396 1190 com·

173 1226 342 1307 positores,
365 1226 406 1290 ab
429 1225 560 1306 eclogae
578 1223 751 1292 Vaticanus
773 1232 901 1292 auctore
923 1227 1043 1292 relatus
1065 1233 1113 1291 est
1133 1230 1243 1308 (supra
1264 1247 1294 1310 p.
1315 1230 1396 1304 140).
1439 1236 1440 1240 ’

256 1333 306 1393 10.
322 1329 563 1394 Amsraacnus
575 1343 819 1404 oannnumcus
832 1328 1077 1410 Alexandrinus,
1090 1326 1280 1411 disciplinae
1292 1349 1395 1412 gram-

177 1431 311 1496 maticae
335 1429 481 1497 eonditor
503 1429 705 1495 clarissimus.
753 1429 800 1495 bf.
824 1437 920 1514 caput
940 1430 985 1495 lV
1007 1428 1058 1494 fin.

256 1536 304 1597 11.
329 1534 592 1598 Amsnorrmrrns
613 1532 817 1600 Brznumus.
859 1526 988 1594 ‘Verba
1013 1527 1259 1617 Ἀριστοφάνης
1286 1527 1303 1597 ὁ
1328 1539 1395 1598 Βυ-

174 1631 297 1711 ζάντιος
318 1637 364 1711 (in
388 1635 424 1703 Ol
447 1653 517 1695 non
539 1629 657 1695 dubc'to
678 1630 766 1716 quin
782 1631 976 1716 corruptela
999 1631 1162 1706 laborent,
1185 1652 1395 1717 quamquam

173 1755 266 1817 quem
288 1732 497 1798 substituam
520 1737 754 1797 astronomum
778 1756 848 1797 αονυ
871 1733 992 1806 habea·
1013 1732 1201 1818 cogctabcm
1225 1734 1266 1797 dc
1287 1735 1400 1800 Ανοίί

174 1834 336 1922 magestro
350 1857 450 1922 quem
466 1835 580 1899 tradit
593 1834 666 1899 ον’ίο
682 1836 732 1899 ed.
747 1836 853 1900 Βαλίε.
870 1842 908 1920 p.
924 1841 975 1914 48,
993 1856 1052 1898 20:
1074 1835 1157 1902 ἐ’νιοι
1176 1836 1212 1901 δέ
1235 1860 1321 1923 φασι
1336 1838 1395 1905 τὸν

174 1933 306 2024 Ἄρατον
326 1943 486 2006 Μνασέου
503 1936 632 2025 πατρὸς
646 1943 824 2025 γεγονέναι,
857 1937 1100 2022 Ἀριστοθήρου
1123 1938 1160 2002 δέ
1175 1963 1265 2016 τινος
1279 1944 1394 2028 μαθη-

172 2045 305 2122 ματικοῦ
322 2041 511 2107 διακουσαιε
534 2040 597 2103 sed
616 2039 788 2125 deputata
811 2038 920 2104 λυαίου
942 2038 1120 2103 ον’ννναίίνν
1138 2037 1234 2102 nabal
1246 2035 1390 2105 τραυλοί

172 2145 332 2213 Nauckius
361 2149 393 2211 in
419 2139 657 2227 ‘Aristophanis
687 2147 833 2229 Byzantii
862 2137 1061 2228 fragmentis'
1087 2165 1119 2228 p.
1139 2146 1211 2210 283.
1256 2146 1393 2230 Egregie

174 2249 216 2312 vir
230 2249 415 2331 praeclarus
435 2247 562 2329 erravit,
579 2250 726 2329 quamvis
745 2246 978 2313 Waohsmuthii
1002 2248 1074 2311 tulit
1089 2266 1277 2313 consensum
1297 2241 1391 2315 ‘Mus

172 2341 260 2414 rhen'
277 2350 341 2414 XX
353 2370 384 2433 p.
398 2353 475 2414 456:
492 2369 547 2416 our
559 2368 679 2432 quaeso
694 2350 810 2415 librum
823 2342 887 2414 ‘De
900 2340 1001 2415 caelo'
1021 2342 1186 2432 vel‘parte
1199 2341 1291 2415 caeli'
1311 2352 1392 2415 anti-

172 2453 270 2532 quitus
292 2452 393 2535 probe
415 2449 567 2516 traditum
582 2450 747 2517 demamus
762 2450 1032 2534 Aristophanil⁵⁹l
1056 2450 1208 2517 Versibus
1224 2471 1391 2533 argumen-

172 2559 228 2617 tum
259 2553 339 2618 illud
367 2554 571 2636 complexum
600 2571 671 2618 esse
701 2553 947 2637 Aristophanem
978 2552 1191 2619 Susemihlius
1220 2553 1396 2619 arbitratur·

171 2674 220 2721 suo
242 2657 387 2739 periculo
411 2647 582 2732 (Historia
604 2655 664 2719 litt.
687 2646 779 2719 alex?
807 2657 822 2720 I
844 2676 874 2739 p.
893 2658 974 2731 448).
1000 2656 1124 2720 Tacent
1145 2655 1277 2738 antiqui.

250 2760 298 2822 12.
319 2761 366 2823 13.
384 2758 569 2823 Amsnrnnr
590 2773 662 2823 nuo
678 2773 893 2823 enumerans.
924 2759 1037 2823 Testes
1054 2759 1152 2823 ceteri
1168 2777 1264 2826 unum
1281 2761 1391 2840 appel-

171 2857 229 2922 lant
251 2859 442 2943 Aristyllum
466 2860 586 2924 saeculi
609 2879 637 2922 a.
660 2857 733 2924 Ohr.
750 2860 797 2924 lIl
820 2859 960 2925 nobilem
984 2860 1153 2924 observato
1176 2861 1267 2924 caelo
1290 2867 1389 2926 astro·

170 2978 306 3026 nomum:
344 2962 383 3027 cf.
413 2962 548 3026 Ptolem.
574 2954 693 3043 ‘Magn
725 2953 824 3044 Synt'
856 2961 915 3025 Vll
944 2962 987 3038 (ll
1015 2964 1090 3044 p.2
1121 2959 1251 3039 Halma)
1282 2961 1391 3046 Haupt
1482 2996 1484 3000 ·

168 3053 298 3148 ‘Opusa'
333 3066 352 3129 l.
377 3085 404 3130 c.
423 3056 531 3129 ‘Anah
556 3055 648 3127 Erat?
682 3083 713 3146 p.
733 3068 779 3128 14.
816 3062 945 3146 Scripta
972 3062 1114 3146 pedestri
1142 3081 1287 3128 sermone
1316 3064 1388 3128 Plu-

170 3166 289 3234 tarchus
313 3166 443 3248 attingit
461 3158 526 3230 ‘De
541 3162 635 3248 Pyth.
660 3155 712 3229 or.'
740 3185 766 3230 e.
785 3168 839 3229 18:
863 3156 934 3228 οὐδ’
955 3157 1172 3248 ἀστρολογίαν
1189 3155 1389 3247 ἀδοξοτέραν

171 3261 325 3356 ίυοίνγσαν
348 3267 381 3332 οἱ
404 3268 484 3350 περὶ
503 3258 722 3351 Ἀρίσταρχον
744 3266 912 3342 (Samium)
935 3268 991 3331 καὶ
1019 3263 1199 3352 Τιμόχαριν
1221 3268 1274 3331 καὶ
1295 3259 1389 3350 Ἀρί-

171 3371 300 3435 στυλλον
322 3371 376 3434 καὶ
386 3360 572 3451 “”Ινττταρχον
587 3366 814 3454 καταλογάδην
832 3366 1026 3453 γράφοντες.
1064 3369 1101 3433 In
1115 3367 1161 3433 A*
1174 3360 1388 3452 Ἀρίστυλλος

170 3475 261 3556 μέγας
284 3481 318 3539 et
336 3464 554 3558 Ἀρίστυλλος
582 3467 699 3552 μικρός
727 3471 928 3553 adferuntur,
959 3479 993 3535 ut
1022 3491 1109 3553 eum,
1139 3473 1194 3553 qui
1218 3473 1388 3555 supplendi

170 3576 300 3658 catalogi
322 3575 352 3640 A
374 3575 479 3658 gratia
502 3572 547 3638 A*
570 3574 758 3656 composuit,
782 3573 879 3638 semel
904 3572 1016 3638 credas
1038 3572 1194 3638 defecisse
1217 3593 1238 3637 a
1259 3593 1294 3639 se
1316 3574 1387 3656 ipso

170 3692 281 3760 suaque
298 3678 432 3760 ratione,
456 3695 539 3759 quae
555 3694 757 3757 nequaquam
775 3676 806 3740 in
823 3674 1014 3758 explicando
1030 3677 1147 3757 priore,
1163 3674 1231 3757 sed,
1255 3683 1289 3739 ut
1304 3675 1386 3739 dixi-

171 3793 232 3844 mus
254 3777 443 3858 identidem,
467 3779 500 3842 in
522 3777 671 3860 augendo
695 3778 848 3845 consistit.
893 3776 941 3842 Cf.
965 3785 1028 3843 tres
1051 3778 1293 3843 damnosos.

170 3894 361 3906 Ἢ

243 3964 276 4027 ⁸⁹1
298 3963 431 4016 Perversa
453 3961 492 4015 M.
511 3958 674 4016 Schmidtius
706 3961 814 4015 molitus
838 3968 879 4015 est
902 3961 929 4014 in
949 3953 1115 4027 ‘Philologo'
1139 3961 1176 4012 lX
1199 3977 1225 4027 p.
1246 3964 1294 4014 185
1317 3953 1384 4031 Ἀρι-

170 4061 212 4102 uto
231 4089 299 4103 ....
318 4051 371 4105 τοῦ
395 4047 522 4118 θυραίου
542 4047 571 4099 in
588 4045 653 4099 Vita
671 4045 696 4098 ll
714 4045 915 4101 hallucinando.
952 4045 1141 4112 Intempestiva
1159 4044 1230 4098 idem
1248 4044 1385 4112 diligentia

171 4128 347 4202 Aristophanis
358 4131 468 4186 infimae
485 4131 584 4184 aetatis
599 4131 728 4199 astrologi
745 4130 885 4184 admonuit
899 4125 994 4183 ‘Anah
1014 4123 1136 4184 Planud.'
1154 4146 1179 4197 p.
1202 4134 1249 4184 133
1268 4145 1384 4184 comme·

171 4218 264 4271 noram
291 4217 326 4272 D.
339 4217 527 4272 Volkmannus
538 4209 667 4286 ‘Symbol
681 4209 755 4284 phil?
769 4216 794 4269 ll
805 4231 831 4282 p.
843 4219 889 4267 721
911 4206 1116 4286 Ἀριστόμαχον
1134 4214 1161 4268 in
1179 4214 1268 4268 indice
1285 4230 1385 4269 novare

172 4293 262 4356 frustra
280 4303 365 4357 voluit
381 4317 433 4372 pro
449 4300 642 4370 Aristophane.
