3174 5160
294 374 343 429 111.
363 375 413 428 DE
432 375 545 429 Aus'll
564 375 833 431 ruuuuuuuuull
851 378 912 445 QUI
931 378 1080 433 Futurus
1098 377 1302 435 cu'lslouu.
1353 380 1412 437 155

181 556 341 617 straturus
364 557 443 634 erat,
466 557 498 617 et
514 526 592 636 ipse⁰
606 552 694 634 prius
710 551 850 617 debebat
864 553 1007 636 prolerre
1022 560 1212 635 argumenta
1234 561 1266 619 et
1287 554 1413 637 prolato

181 655 225 719 ab
241 653 439 720 adversariis
462 673 520 720 seu
540 654 719 720 diiudicare
740 656 851 737 aliqua
866 656 989 721 ratione
1004 675 1060 721 seu
1077 656 1233 721 refellere.
1271 654 1337 721 Sed
1360 655 1413 722 hic

181 755 425 838 diligentissimi
448 757 509 821 viri
532 763 565 822 et
587 758 619 822 in
643 758 757 823 litteris
779 758 906 823 Arateis
935 759 1093 840 praeclari
1116 777 1219 842 error,
1242 778 1283 825 ne
1305 767 1413 842 serpat

180 858 291 940 altius,
307 859 415 923 statim
428 858 638 926 confutandus
654 868 712 926 est.
740 860 926 942 Breysigius
943 861 975 925 in
987 869 1223 943 programmate
1236 861 1412 928 Erfurtensi

183 961 267 1024 1870
291 980 322 1043 p.
339 962 390 1025 28¹
404 958 561 1022 Boethus
583 963 686 1044 inquit
706 959 807 1022 Ιιαιιιί
825 957 893 1023 scic
915 981 962 1023 οιι
985 957 1084 1023 libris
1099 958 1174 1023 cccc's
1197 958 1414 1046 inscripseris

181 1066 266 1137 Βίας
284 1053 429 1145 Ἀράτου
451 1057 523 1124 sc'cc
546 1066 646 1139 Γένος
665 1056 819 1149 Ἀράτου.
865 1065 971 1129 Primo
993 1067 1098 1148 potius
1123 1062 1304 1152 ἐξηγήσεως
1323 1066 1410 1131 volu·

180 1166 268 1230 mine
297 1172 415 1247 poetae
444 1167 559 1248 vitam,
590 1173 702 1249 quarto
732 1166 913 1232 Diosemias
944 1168 1112 1232 enarravit.
1163 1168 1230 1233 lam
1260 1168 1411 1234 solemnis

179 1265 269 1351 apud
292 1267 442 1350 antiquos
465 1278 533 1333 erat
555 1267 713 1350 tripertita
736 1268 886 1334 carminis
908 1270 1029 1351 Aratei,
1053 1269 1137 1352 quod
1160 1270 1300 1352 aprima
1322 1278 1411 1352 parte

176 1360 438 1437 ‘Phaenomena'
475 1379 690 1452 nuncupatum
721 1371 892 1454 putabant,
926 1372 1124 1452 distributio,
1159 1379 1310 1438 consueta
1333 1372 1409 1455 Hip·

179 1472 314 1556 parcho,
339 1474 394 1554 qui
416 1473 493 1537 ilem
517 1471 598 1537 libro
622 1473 725 1554 primo
753 1473 831 1552 νιερὶ
853 1474 919 1536 cciv
942 1464 1004 1536 ‘ricc'
1021 1465 1163 1556 Ἀράισο
1186 1475 1240 1537 καὶ
1267 1466 1410 1549 Εὐδόξου

178 1576 499 1660 καταγεγραμμένονν
523 1570 557 1637 ἓν
586 1585 657 1649 τοῖς
683 1577 914 1656 Φαινομένοις,
939 1576 1020 1642 libro
1043 1577 1144 1642 aliero
1168 1577 1246 1658 νιιρὶ
1269 1597 1409 1640 συνανα-

179 1677 280 1763 cotug
308 1678 364 1741 καὶ
396 1673 667 1760 σογκαταὸίσεως
697 1678 762 1741 τῶν
794 1670 924 1762 ἄστρων
954 1678 1105 1744 disseruit
1133 1700 1171 1745 ao
1202 1679 1250 1744 bis
1276 1680 1409 1744 alteram

179 1780 292 1846 Aratei
315 1779 465 1846 carminis
487 1788 611 1862 partem
628 1780 739 1844 citavit
762 1776 797 1842 ἐν
811 1791 885 1853 ταῖς
905 1773 1176 1855 ‘Eccavacolasc'
1203 1801 1299 1864 supra
1321 1802 1351 1865 p.
1370 1785 1409 1843 75

179 1891 211 1949 et
234 1903 264 1966 p.
286 1886 344 1946 171
364 1881 490 1946 Pelavii
514 1877 567 1958 (cri
590 1903 625 1943 τε
639 1878 701 1964 γὰρ
718 1877 841 1966 φυσικὰ
865 1884 932 1946 τιον
955 1880 1183 1968 ιἰτιζρθέντων
1198 1876 1265 1947 circi
1284 1884 1342 1947 σοῦ
1355 1884 1409 1946 καὶ

178 1980 220 2048 τὰ
238 1984 317 2068 νιερὶ
334 1985 400 2048 τῶν
416 1980 510 2067 παρὰ
523 1977 656 2067 Ἀράτῳ
670 1984 853 2067 λεγομένων
870 1983 902 2048 ἐν
915 1998 989 2061 ταῖς
1001 1977 1273 2060 ‘Ecvococoioic'
1291 1983 1409 2048 lucum-

179 2091 279 2170 τέραν
302 2081 456 2172 ἒνέφαινέ
477 2109 537 2167 μοι
553 2085 786 2171 φιλοτεχνίαν),
811 2087 929 2152 tradita
952 2089 1075 2154 invita
1097 2088 1238 2155 secunda
1261 2108 1290 2171 p.
1308 2093 1347 2151 56
1360 2088 1408 2152 W.

180 2190 330 2274 proxime
352 2197 427 2254 ante
442 2186 559 2254 Boethi
582 2189 768 2254 memoriam
792 2210 812 2253 a
835 2191 926 2255 nobis
949 2190 1045 2255 modo
1060 2191 1256 2273 appositam:
1280 2188 1350 2253 ἔστι
1374 2188 1406 2253 ‹lc'

177 2293 299 2379 τριχῶς
324 2292 543 2371 Φαινομένων
566 2281 667 2354 αὐτοῦ
690 2296 917 2376 πραγματεία·
941 2295 1208 2374 Καταστέρισσις,
1232 2293 1287 2356 καὶ
1303 2297 1408 2355 Σανα-

178 2394 318 2460 νατολαὶ
341 2394 398 2457 καὶ
417 2389 689 2475 somniculosa,
712 2394 765 2456 καὶ
780 2391 994 2477 Προγνοίσεις
1017 2391 1073 2459 διὰ
1090 2398 1244 2480 σημείων.
1282 2394 1345 2461 Ubi
1369 2415 1409 2461 ex

177 2495 367 2581 Hipparcho
384 2494 626 2560 emendavimus
642 2493 729 2578 quod
741 2495 953 2578 depravatum
969 2498 1085 2579 legitur
1102 2495 1410 2561 σονανατειλόντιιν

177 2600 232 2663 καὶ
249 2593 510 2673 σννόοόντων“).
538 2596 639 2662 Verus
655 2599 828 2680 scripturas
844 2599 870 2663 si
888 2608 1079 2664 exaraverat
1094 2599 1298 2666 abbreviatas
1315 2601 1409 2665 libra·

176 2703 254 2779 rius,
271 2701 363 2766 abire
377 2699 531 2781 perfacile
553 2698 585 2763 in
602 2718 754 2782 perversa
768 2710 925 2783 poterant.
957 2703 1058 2784 Igitur
1073 2701 1231 2784 tripertito
1247 2704 1410 2767 conicerec

176 2805 279 2869 tribus
291 2801 524 2886 posterioribus
535 2801 717 2883 scriptionis
729 2806 866 2867 Arateae
880 2805 1096 2869 voluminibus
1107 2802 1262 2869 Boethum
1275 2806 1409 2869 stoicum

176 2925 345 2972 enarrasse
362 2902 638 2975 Phaenomena⁶⁶c
676 2904 745 2969 Nec
767 2914 874 2968 tamen
890 2904 1017 2971 fidimus
1040 2906 1172 2969 nimium
1198 2904 1270 2969 huic
1293 2907 1408 2970 ratiun-

175 3010 281 3090 culae,
305 3006 458 3089 quoniam
482 3012 560 3088 quot
582 3007 712 3071 omnino
735 3007 834 3071 libros
857 3006 898 3070 de
921 3008 1020 3072 Arato
1038 3007 1178 3072 Boethus
1195 3010 1410 3089 composuerit

175 3109 428 3177 dissimulamur.
465 3106 504 3172 ld
520 3108 730 3190 probabilius,
754 3127 825 3173 eum
849 3108 926 3172 solis
942 3108 1177 3173 Phaenomenis
1200 3129 1330 3192 operam
1354 3132 1408 3174 cx·

173 3211 321 3297 plicaodi
343 3231 481 3277 navasse
504 3211 631 3277 omissis
653 3211 768 3276 ceteris
791 3211 881 3274 Arati
912 3211 1121 3277 carminibus:
1151 3231 1344 3294 quamquam
1369 3233 1409 3277 nc

175 3315 239 3380 hoc
253 3313 386 3396 quidem
402 3312 616 3378 indubitatum
632 3324 690 3378 est.
725 3313 815 3378 Hace
830 3320 899 3376 utut
920 3321 1002 3395 sunt,
1020 3314 1171 3395 περὶτοῦ
1187 3312 1294 3377 ,τοίαν
1310 3316 1408 3396 scrip

173 3418 257 3483 sisse
269 3417 343 3499 ipso
354 3415 708 3481 commentarioArateo
722 3413 878 3480 Boethum
891 3416 1109 3480 lirmoiudicio
1118 3418 1407 3498 pronuntiamus‘²⁷).

261 3601 296 3665 ”t
315 3600 537 3654 wicrammum
552 3596 665 3670 (τάξις)
682 3599 825 3668 supplevit.

263 3687 298 3750 ⁶⁶)
316 3684 417 3754 Supero
433 3685 608 3752 interpretem
626 3685 741 3739 stoicum
759 3691 835 3739 recte
852 3685 994 3738 ridebatur
1012 3685 1256 3740 Schleicrmachero
1273 3680 1287 3743 ί
1296 3684 1407 3739 Wcrltc'

171 3771 219 3826 111
236 3773 253 3824 2
271 3787 300 3840 p.
313 3774 432 3838 timos,
450 3768 523 3838 quod
540 3768 670 3823 Heracliti
683 3770 781 3825 librum
799 3772 827 3825 in
840 3778 896 3825 tres
908 3771 1057 3840 particulas
1069 3771 1242 3825 distributum
1255 3787 1314 3826 csse
1327 3772 1406 3825 lacr-

173 3857 232 3910 tius
250 3854 510 3922 Diogenss1X9‚5
529 3853 597 3907 dixit
614 3852 655 3920 εἷς
671 3874 703 3911 τε
723 3851 777 3910 τὸν
793 3859 859 3923 περὶ
877 3851 987 3919 παντὸς
999 3856 1108 3926 lio'you)
1126 3858 1175 3911 καὶ
1188 3853 1241 3913 ιον
1259 3862 1407 3912 acciniaco

171 3944 225 3998 καί
236 3935 420 4010 θεολογικόν.
449 3939 565 3994 Accedit
575 3940 648 4008 quod
659 3941 768 3993 termini
780 3940 932 3995 Stoicorum
951 3951 1023 3994 σανα.
1048 3942 1138 3996 Stoice
1150 3945 1216 4010 πιρὶ
1229 3946 1280 3997 τοῦ
1296 3939 1407 4005 παντός·

170 4025 340 4093 inscriptum
357 4024 536 4088 mutulo,
554 4026 687 4093 qnitotns
704 4041 722 4078 a
733 4026 835 4080 Stoicis
848 4027 954 4093 pendet,
972 4028 1059 4095 primo
1072 4028 1201 4095 capitulo.
1229 4026 1271 4081 Gi.
1281 4044 1307 4095 p,
1323 4033 1354 4079 :cs
1364 4042 1405 4095 sq.

260 4110 295 4175 ⁸⁷)
312 4107 427 4163 Videtur
443 4109 477 4163 (le
493 4111 570 4164 caclo
587 4111 654 4165 alibi
665 4126 773 4180 quoque
786 4110 960 4165 insanisse:
980 4115 1075 4166 Actius
1094 4113 1118 4165 ll
1132 4118 1202 4176 :tus
1221 4129 1247 4180 p.
1261 4117 1310 4166 :tuit
1330 4111 1405 4165 lliclc

170 4192 290 4266 Βόηθος
307 4194 338 4251 δὲ
355 4190 429 4263 πρὸς
449 4190 502 4266 τὴν
524 4199 689 4265 φαντασίαν
705 4197 816 4266 δέχεται
841 4191 875 4251 τὸ
899 4192 1140 4264 α’ναπιπταμίνσν
1157 4198 1259 4259 lesciis.
1278 4194 1312 4251 οὐ
1329 4193 1403 4251 κατὰ

169 4275 227 4351 τὴν
249 4275 421 4336 ὑπόστασιν,
457 4281 496 4335 ld.
515 4280 556 4334 lll
575 4286 633 4344 2,ῖ
652 4300 678 4350 p.
699 4287 747 4334 :rot
763 4282 788 4334 ll
812 4279 927 4351 crocum
948 4276 1035 4353 α’ίρος
1058 4278 1221 4353 α’νρμμίνοι·
1242 4284 1406 4353 φαντασίαν

170 4365 254 4431 (dicit
271 4372 423 4429 comm).
