3174 5160
226 383 287 439 VII.
307 382 449 438 EUDOXI
467 384 584 438 CNIDII
602 384 836 439 FRAGMENTA
853 382 905 436 EX
924 383 1132 438 HIPPARCHO
1152 383 1355 438 CONLEGTA.
1394 384 1455 441 299

225 551 353 638 ὁμοίως
381 549 632 641 ἀναγράφουσιν
662 548 901 641 όμφοτέροκς)
930 550 968 620 ού
999 553 1138 620 δονατδν
1173 553 1316 641 ἑκατέρῳ
1346 550 1454 621 αὐτῶν

226 670 417 743 συμφωνεῖν
432 654 469 722 τδ
488 655 701 743 φαινόμενον.
735 657 785 723 δεῖ
803 656 839 722 δὲ
854 651 982 723 κόκεῑνο
1000 657 1221 744 διειληφέναι,
1239 656 1327 723 διότι
1343 657 1455 724 πάντα

223 759 284 843 μὲν
309 756 397 844 πλὴν
419 752 541 843 ὀλίγων
562 761 662 824 τινιῦν
685 753 811 840 ὁμοίιος
834 752 1023 843 ἀμφότεροι
1050 753 1282 847 ἀναγράφουσι
1308 757 1349 825 τὰ
1376 763 1455 845 περὶ

224 859 286 937 τὰς
309 855 475 937 ἀνατολάς
496 855 527 938 (ό
550 858 612 946 γὰρ
629 854 770 940 Ἄρατος
785 873 856 936 τοῖς
871 856 937 925 ύττδ
955 864 1014 926 τοῦ
1031 865 1058 924 Ε
1064 868 1120 926 ΥΔ
1126 863 1187 932 ΟΞ
1190 861 1454 945 Οἵλεγομένοις

173 995 202 1043 15
222 955 470 1049 ἠκολούθηκεν),
493 965 712 1047 συμφωνοῦσι
727 967 843 1043 μέντοι
857 987 894 1047 γε
910 962 945 1027 αἱ
960 956 1022 1027 ’ὑπ’
1042 956 1151 1028 αύτιῦν
1167 957 1455 1048 ἀναγεγραμμένοι

225 1066 450 1131 σονανατολαὶ
471 1067 513 1151 τῇ
535 1062 619 1130 κατὰ
643 1063 700 1130 τὸν
715 1059 856 1148 Ἄρατον
876 1066 1004 1147 μᾶλλον
1020 1067 1080 1130 τοῦ
1094 1065 1270 1150 Ζῳδιακοῦ
1293 1066 1455 1149 διαιρέσει

221 1161 310 1255 ἤπερ
325 1165 409 1231 κατὰ
424 1164 484 1232 τόν
501 1168 733 1236 ΕΥΔΟΞΟΝ.
772 1165 867 1232 ἔσται
884 1166 919 1231 δὲ
942 1169 1040 1232 τοῦτο
1064 1164 1210 1252 φανερὸν
1234 1166 1267 1231 ἐκ
1289 1171 1349 1233 τοῦ
1370 1167 1454 1234 κατὰ

221 1273 323 1354 μέρος
346 1270 424 1353 περὶ
449 1262 557 1334 αύτών
579 1269 831 1355 ῥηθησομένων.

314 1425 344 1474 11
362 1420 443 1488 suppl
462 1419 599 1474 Victorius
620 1421 630 1485 η
657 1423 685 1472 12
704 1417 757 1475 τὸν
776 1419 798 1473 V
821 1421 831 1484 ΙΙ
855 1423 884 1472 11
904 1415 985 1491 εἴπερ
1003 1419 1034 1471 L.

308 1712 340 1777 Il
360 1732 393 1796 p.
409 1712 513 1778 2150
536 1709 577 1774 τὰ
601 1709 637 1774 δὲ
659 1713 739 1793 νιερὶ
760 1708 819 1775 τόν
839 1702 1015 1795 Ὀφιούχον
1039 1707 1226 1792 συμφώνως
1248 1702 1454 1777 ἀποδιδόασι

220 1816 268 1899 τῳ
291 1816 485 1900 φαινομένῳ
507 1804 527 1876 ό
549 1836 585 1877 τε
607 1807 747 1894 Ἄρατος
769 1815 812 1890 (v.
830 1812 906 1894 577)
933 1814 991 1876 καὶ
1017 1805 1035 1875 ό
1059 1813 1287 1881 ΕΥΔΟΞΟΣ.
1333 1812 1365 1876 οἱ
1393 1813 1454 1894 μὲν

219 1913 283 2001 γὰρ
310 1900 397 1997 ὦμοι
425 1926 497 1991 τοῖς
518 1913 684 1997 Διδύμοις
714 1908 1045 1991 διντικαταδύνονσιν,
1080 1908 1097 1978 ό
1129 1913 1165 1978 δὲ
1194 1912 1228 1978 έν
1256 1916 1297 1998 τῇ
1325 1917 1454 2002 κεφαλῇ

221 2015 312 2083 δύνει
335 2008 580 2102 ἀνατελλούσης
601 2018 660 2103 τῆς
683 2014 728 2080 ια’
750 2021 873 2100 μοίρας
896 2018 955 2080 τοῦ
971 2021 1147 2100 Καρκίνου.
1185 2019 1245 2081 τοῦ
1265 2009 1297 2080 δ’
1310 2011 1452 2103 Ὄφεως,

181 2133 197 2182 5
218 2116 257 2184 δν
273 2117 341 2200 ἔχει
355 2112 373 2183 δ
387 2110 574 2203 Ὀφιούχος,
599 2112 616 2201 ἡ
634 2111 716 2196 ούρὰ
731 2112 835 2200 μόνον
851 2112 936 2202 ύντὲρ
950 2121 1009 2202 γῆς
1025 2117 1124 2197 ἐστιν,
1141 2112 1187 2195 τός
1203 2113 1220 2183 ὃ
1240 2122 1457 2187 ΕΥΔΟΞΟΣ

220 2225 336 2308 φησίν,
359 2221 415 2286 καὶ
438 2212 497 2300 ούχ
518 2213 537 2305 ἦ
561 2217 701 2305 κεφαλή,
724 2214 770 2295 τός
793 2214 811 2284 ό
829 2213 979 2303 Ἄρατος.
1011 2214 1108 2307 ἡμὲν
1125 2217 1188 2304 γὰρ
1204 2220 1332 2308 κεφαλὴ
1350 2214 1454 2286 ούτοίΙ

221 2321 312 2390 δύνει
336 2314 586 2387 ἀνατελλόντων
607 2324 719 2403 μέσων
741 2321 890 2403 μάλιστα
913 2325 980 2386 τεόν
1001 2320 1178 2402 Διδύμων,
1209 2318 1226 2387 ό
1251 2322 1287 2388 δὲ
1311 2322 1345 2388 έν
1369 2318 1453 2410 ἄκρῳ

219 2426 261 2511 τῇ
283 2417 368 2511 ούρηῖ
390 2421 480 2488 δύνει
503 2416 747 2510 ἀνατελλούσης
769 2426 828 2510 τῆς
851 2422 968 2511 ἑνότης
990 2427 1111 2506 μοίρας
1133 2425 1193 2489 τού
1216 2431 1391 2511 Καρκίνον.

308 2579 323 2628 2
342 2568 359 2630 ὁ
378 2575 510 2642 posterius
528 2590 571 2627 om
590 2573 613 2625 L
635 2576 644 2639 ιι
666 2574 728 2630 ιιὲ
748 2574 770 2626 L
791 2578 801 2641 ιι
823 2566 974 2645 εέννίτης
992 2574 1024 2628 ν.

306 2883 339 2948 lI
360 2881 517 2967 p.215D
546 2882 626 2964 περὶ
655 2878 692 2944 δὲ
721 2882 780 2943 τού
808 2874 1073 2966 Άρκτοφύλακος
1104 2876 1290 2961 ὁλοσχερῶς
1318 2881 1453 2947 δοκοῖσί

220 3010 279 3067 μοι
308 2977 455 3069 ἆγνοεῖν’
487 2984 572 3069 φασὶ
606 2979 669 3066 γὰρ
699 2974 800 3045 αἰτόν
829 2985 989 3066 τέσσαρσι
1019 2980 1151 3066 ζῳδίοις
1182 2978 1453 3049 όντικατοδύνειν

221 3089 317 3173 Κριηό
337 3111 376 3152 τε
396 3087 452 3150 καὶ
472 3083 593 3169 Ταύρῳ
616 3085 670 3148 καὶ
686 3081 852 3163 Διδύμοις
874 3085 929 3146 καὶ
947 3089 1112 3167 Καρκίνῳ.
1151 3079 1168 3148 ό
1192 3084 1253 3164 μὲν
1274 3082 1337 3169 γὰρ
1352 3078 1452 3163 Ἄρα-

220 3213 277 3266 τος
300 3240 308 3254 .
332 3239 341 3254 .
365 3189 448 3261 .1ε1“.
478 3189 625 3270 eclogam
654 3185 758 3249 XLVI
788 3205 819 3268 p.
839 3189 928 3266 111),
962 3179 980 3248 ό
1016 3183 1050 3248 δὲ
1082 3187 1300 3253 ΕΥΔΟΞΟΣ
1330 3183 1452 3270 γράφει

180 3292 197 3341 ⁵
221 3283 343 3366 οὕτως’

348 3383 430 3456 ὅταν
452 3384 470 3454 δ
495 3387 599 3471 Κριός
622 3386 717 3474 δύνη,
747 3390 814 3452 τοῖν
835 3388 895 3469 μὲν
919 3386 1005 3474 πρός
1028 3382 1167 3469 ἄρκτοις
1189 3390 1248 3453 τοτ’·
1275 3383 1452 3475 Ἀρκτοφό-

349 3494 449 3566 λακος
472 3490 505 3555 οἱ
528 3490 632 3567 πόδες
654 3487 824 3565 (λίνοισιν,
855 3492 922 3553 τοῖν
949 3490 983 3555 δὲ
1007 3488 1094 3574 πρός
1119 3489 1215 3556 νότον
1241 3492 1301 3555 τοτ’Ι
1324 3494 1452 3577 Θηρίοι-

348 3592 386 3659 τδ
414 3592 546 3659 λοιπόν.

221 3695 255 3762 έν
277 3697 313 3762 δὲ
336 3698 378 3782 τῇ
400 3689 484 3781 ἀρχῇ
506 3697 565 3760 τοῖ-
584 3689 684 3775 Ἤερὶ
708 3695 773 3757 των
796 3686 982 3757 ύν·ατολο]ν’
1008 3693 1108 3778 λύγοι·
1131 3690 1278 3758 διελθών
1305 3686 1371 3758 όσα
1393 3692 1452 3760 ε’,τὶ

167 3799 199 3850 1⁰
221 3796 347 3874 δύσεως
373 3804 429 3862 καὶ
459 3790 623 3882 ἀνατολῆς
651 3794 740 3860 ἐστιν
769 3790 952 3876 ἀρχομένου
982 3796 1041 3859 τοῦ
1064 3800 1232 3875 Καρκίνον
1258 3787 1452 3858 ἀνατέλλειν

220 3897 293 3989 ἑξῆς
315 3916 436 3987 φησιν·

347 3999 429 4066 ὅταν
445 3994 477 4063 δ’
496 3994 514 4063 ό
533 4004 697 4079 Καρκίνος
716 3996 888 4081 όιατέλλη,
913 3999 978 4060 τοῖν
1000 3997 1060 4078 μὲν
1084 3996 1170 4077 πρός
1193 3992 1333 4076 ἄρκτοις
1349 3998 1451 4061 οόΟεν

348 4099 492 4182 ἀνίσχει,
523 4103 589 4164 τοῖν
618 4098 653 4164 δὲ
684 4096 770 4180 τορός
800 4096 897 4163 νότον
918 4093 936 4164 ό
960 4098 1089 4182 Λογώς
1110 4101 1165 4163 κοί
1195 4100 1255 4163 τοτ’·
1278 4096 1388 4175 Κινος
1409 4098 1450 4161 τα

304 4243 417 4309 δσῗτω
434 4252 459 4304 V
481 4252 491 4317 ’χ’
511 4256 527 4303 fi
546 4242 595 4306 ὅτ’
619 4246 656 4307 όν
675 4250 713 4314 L,
738 4258 766 4301 ut
789 4248 862 4302 infra
882 4250 887 4303 ἶ
918 4254 947 4301 1⁶2
967 4240 1039 4305 ὅθεν
1058 4248 1080 4299 V
1101 4250 1107 4315 Ι
1138 4253 1166 4301 13
1190 4244 1344 4321 ῖκεγῳδςΙ,
1368 4252 1375 4313 Ι
1402 4254 1451 4304 καὶ

219 4340 282 4391 σοῖο
298 4333 335 4393 τὰ
352 4335 408 4390 nid
425 4336 457 4388 V.
