3174 5160
487 380 523 434 11.
541 379 593 433 Dr:
611 378 726 432 ARATI
745 377 878 433 comos
896 377 1139 432 HIPPARCHEO.
1385 377 1426 436 89

284 559 312 618 2.
334 554 351 619 I
373 573 404 636 p.
426 557 481 620 191
500 553 530 617 D
553 548 620 634 πρὸ
636 552 696 638 τῆς
711 543 874 637 ἀνατολῆς
897 533 954 614 οὖν
970 551 1030 614 τοῦ
1044 544 1149 635 ἡλίου,
1174 546 1223 613 ἐ’τι
1237 550 1296 636 τῆς
1312 547 1426 626 νυκτὸς

206 653 408 742 ἐνεστηκυίας
429 656 485 719 καλ
504 653 720 737 βλεπομένων
743 654 809 717 τῶν
825 645 982 734 ἀστέρων,
995 642 1159 737 “σημεῑον’
1179 652 1306 736 (φησίν)
1327 644 1425 716 “ἐ’στω

205 762 364 842 Σκορπίος
388 749 576 820 ἀνατέλλων
607 752 768 842 ληγούσης
796 756 855 838 τῆς
882 744 1023 828 νοκτόςῖ
1069 746 1204 832 εὔλογον
1231 757 1344 817 τοίνυν
1371 757 1426 818 καὶ

205 857 240 924 τά
268 855 375 925 λοιπά
405 870 526 945 σημεῖα
555 856 605 923 ἐ’τι
633 853 750 932 νυκτὸς
778 849 880 943 οὔσης
903 850 1113 940 ὑπογράφειν
1144 845 1244 918 αὐτὸν
1272 847 1367 938 ἡμῖν,
1396 854 1427 919 εί

179 962 309 1044 rastra
339 971 460 1048 σημεῖα
490 955 586 1025 εἶναι.
632 957 731 1046 δῆλον
755 956 791 1022 δὲ
820 960 918 1023 τοῦτο
947 961 1075 1041 γίνεται
1102 957 1158 1021 καὶ
1182 953 1216 1020 ἐκ
1237 957 1296 1019 τοῦ
1327 949 1427 1021 αὐτὸν

206 1060 255 1129 τὸν
278 1057 420 1147 Ἄρατον
444 1060 501 1127 ἐπὶ
524 1061 585 1144 μὲν
607 1064 666 1149 τῆς
687 1055 824 1143 Ἄρκτου
848 1061 953 1143 λέγειν
976 1063 1018 1135 (v.
1037 1062 1110 1136 308)

398 1167 503 1252 τῆμος
524 1166 581 1230 καὶ
603 1160 731 1250 κεφαλὴ
756 1160 1003 1247 Κυνοσουρίδος
1027 1153 1151 1246 ἀκρόθι
1173 1156 1288 1233 νυκτός

207 1260 243 1342 ὡς
264 1255 302 1331 ἀν
330 1266 411 1350 περὶ
432 1264 474 1331 τά
498 1265 619 1348 έσχατα
648 1268 706 1354 τῆς
728 1262 858 1344 νυκτός,
889 1261 945 1328 ἐπὶ
970 1262 1006 1328 δὲ
1035 1264 1094 1326 τοῦ
1112 1253 1270 1343 Ὠρίωνος
1293 1265 1334 1335 (v.
1352 1263 1427 1334 309)

836 1363 854 1432 ὃ
877 1365 914 1431 δὲ
937 1365 1051 1431 δύεται
1072 1357 1165 1448 tuot
1188 1350 1275 1447 rupo*

169 1475 190 1526 10
208 1459 280 1552 ὅπερ
303 1467 375 1535 ἐστὶ
397 1466 464 1557 πρὸ
493 1474 552 1559 τῆς
573 1462 654 1553 ioue
675 1472 731 1536 καὶ
754 1462 792 1534 οὗ
815 1465 862 1551 μὰ
885 1473 954 1533 Δία
970 1465 1036 1551 πρὸ
1061 1469 1120 1531 τοῦ
1141 1461 1235 1553 ἡλίου
1258 1459 1320 1552 ῆόη
1344 1457 1425 1529 ἀνα-

207 1571 369 1649 τέλλοντος
391 1569 426 1637 ἐν
448 1575 489 1659 τῆ
513 1566 596 1658 ἀρχῇ
616 1570 745 1637 τούτου.
791 1572 839 1638 Of.
863 1573 963 1638 Attali
986 1573 1023 1635 fr.
1042 1577 1090 1636 15.

282 1727 296 1775 2
314 1718 433 1796 ἄστρων
449 1723 473 1776 L
494 1725 504 1789 ΙΙ
526 1725 542 1775 3
562 1724 661 1778 τοίνυν
678 1738 722 1776 0¹11
739 1722 762 1774 L
784 1725 794 1790 ΙΙ
816 1727 942 1793 turpato
961 1721 1003 1775 his
1022 1723 1153 1790 scriptum
1171 1720 1198 1774 in
1211 1722 1234 1775 L
1249 1723 1258 1791 ΙΙ
1270 1724 1330 1781 ἐστι
1348 1746 1370 1781 ν.
1384 1723 1427 1794 Vt!

208 1803 329 1874 optato.
347 1808 371 1861 L
393 1810 402 1876 ΙΙ
424 1810 534 1880 γίνεται
552 1822 595 1861 om
613 1807 646 1861 L.

281 1981 316 2046 V.
334 1983 397 2045 304
420 1973 589 2067 «πυμάτης
612 1977 671 2044 ἐπὶ
693 1977 820 2056 νυκτός»
839 1973 910 2063 ‘per
932 1978 1033 2044 noctis
1056 1972 1178 2064 finem',
1199 1975 1324 2050 ‘versus
1346 1985 1424 2050 solis

204 2073 325 2165 ortum'‚
349 2090 385 2148 ut
407 2081 592 2166 scholiasta,
616 2088 741 2148 constat
755 2081 933 2166 Hipparchi
958 2087 989 2147 ct
1004 2081 1158 2147 Marciani
1181 2083 1245 2149 fide
1269 2090 1301 2150 et
1323 2091 1423 2150 tenta-

202 2191 261 2250 tum
283 2186 401 2252 frustra
423 2205 443 2250 a
464 2184 579 2250 Vossio
603 2190 660 2267 cst,
684 2185 735 2251 cni
757 2181 834 2248 «ἔτι»
857 2203 977 2249 novare
999 2184 1202 2266 praeplacuit
1224 2205 1320 2268 quam
1342 2187 1424 2254 hene

200 2285 311 2353 tradita
333 2305 519 2372 agnoscere.

279 2389 316 2452 V.
335 2393 396 2454 305
420 2384 516 2470 «μετὰ
545 2385 664 2463 Τάξον»
686 2389 840 2473 praebent
856 2386 1034 2471 Hipparchi
1057 2388 1195 2471 codices,
1218 2396 1253 2455 ut
1276 2397 1424 2473 putamus

196 2492 333 2574 corrupti
364 2511 406 2557 cx
440 2493 551 2574 «μέγα»
580 2490 667 2574 quod
700 2489 863 2556 Marciano
893 2488 1033 2554 offertur.
1084 2490 1197 2573 Neque
1234 2493 1319 2557 enirn
1348 2500 1424 2576 apte

195 2591 309 2658 dicitur
337 2586 424 2677 ‘post
457 2612 566 2659 arcum
597 2591 776 2658 extrahitur
804 2591 996 2674 Sagittarius
1034 2611 1134 2675 prope
1163 2587 1335 2676 aculeum',
1365 2598 1424 2662 scd

192 2685 298 2760 tsimul
314 2715 387 2761 cum
403 2687 505 2763 arcu'.
528 2696 571 2761 Et
581 2694 723 2761 voluisse
738 2701 868 2779 poetam
883 2695 948 2759 tale
965 2694 1042 2775 quid
1055 2695 1226 2760 ostendunt
1240 2701 1422 2781 sequentia:

192 2786 306 2880 ὀλίγον
337 2793 373 2859 δέ
401 2799 604 2878 παροίτερος
636 2793 772 2860 ἵσταται
807 2787 907 2858 αὐτοῦ
935 2799 1102 2877 Σκορπίος
1138 2787 1316 2878 ἀντέλλων,
1347 2798 1365 2865 ὂ
1389 2792 1420 2864 δ’

192 2889 363 2982 ἀνέρχεται
386 2888 504 2963 αὐτίκα
525 2898 662 2980 μᾶλλον.
706 2897 789 2963 Nam
816 2888 945 2961 «αὐτοῦ»
968 2903 1000 2963 et
1021 2893 1053 2963 «ὃ
1078 2896 1127 2961 δέ»
1149 2899 1191 2964 ad
1214 2899 1424 2984 Sagittarium

189 3006 337 3086 spectant
365 3001 461 3067 simul
490 3020 563 3067 curn
585 3021 662 3067 arcu
683 3020 780 3066 unam
801 2999 923 3083 figurae
947 3001 1088 3083 speciem
1105 3003 1328 3085 complentem.
1365 3004 1423 3071 Sin

189 3104 292 3169 minus
317 3103 364 3168 ita
386 3103 563 3170 censuisset
585 3104 712 3184 Aratus,
735 3102 917 3168 necessario
935 3122 999 3167 non
1015 3102 1225 3186 Sagittarium
1241 3106 1298 3170 scd
1313 3127 1422 3172 arcum

188 3207 335 3289 proxime
351 3205 394 3271 ad
413 3204 576 3270 stimulum
592 3203 719 3287 Scorpii
734 3204 889 3270 accedere
906 3204 1051 3287 dixisset,
1075 3226 1155 3288 qnos
1171 3206 1254 3272 inter
1268 3227 1303 3272 se
1319 3228 1423 3290 paene

189 3307 362 3375 cohaerere
391 3307 515 3390 antiqui
545 3305 689 3373 homines
718 3306 906 3372 credebant:
943 3306 1043 3372 schol.
1067 3328 1097 3372 v.
1122 3312 1183 3372 304
1213 3301 1230 3370 ὁ
1255 3314 1422 3391 Σκορπίος

187 3407 303 3495 μικρὸν
327 3406 395 3494 πρὸ
424 3410 485 3496 τῆς
506 3410 565 3473 τοῦ
586 3402 683 3495 ἡλίου
707 3399 870 3492 ἀνατολῆς
890 3412 1073 3491 θεωρεῖται
1096 3406 1154 3474 ἐπὶ
1176 3411 1236 3496 τῆς
1259 3403 1422 3499 ἀνατολῆς

187 3514 243 3576 τοῦ
259 3506 447 3596 ὁρίζοντος·
470 3508 547 3576 τότε
568 3507 629 3595 γάρ
654 3513 830 3592 συμβαίνει
851 3508 886 3576 τί
906 3514 1051 3597 Κέντρον
1074 3513 1133 3576 τοῦ
1148 3517 1317 3600 Σκορπίου
1341 3506 1422 3577 ἀνα-

187 3614 301 3679 τέλλον
330 3611 545 3698 θεωρεῖσθαι
573 3614 630 3678 καὶ
658 3609 718 3698 τὴν
746 3614 805 3677 τοῦ
839 3611 984 3690 Τοξάτου
1013 3613 1178 3698 κορωνίδα
1208 3617 1343 3700 (partem
1367 3637 1421 3682 ex·

189 3721 322 3782 hemam
344 3717 365 3781 i.
383 3735 410 3782 e.
433 3718 555 3792 arcum)
579 3713 815 3781 συνάπτουσαν
837 3718 885 3799 τῷ
900 3719 1046 3801 Κέντρῳ.
1081 3717 1128 3782 Gt.
1145 3739 1175 3783 V.
1194 3721 1265 3800 505,
1278 3720 1307 3781 6.
1345 3717 1420 3783 Gor-

190 3820 314 3903 ruptela
327 3818 425 3901 igitur
441 3819 502 3885 etsi
515 3838 580 3884 non
596 3819 706 3902 gravis
720 3818 931 3902 archetypum
942 3818 1121 3902 Hipparchi
1134 3819 1300 3885 obsedisse
1313 3820 1421 3885 existi-

192 3920 306 3986 manda
329 3925 386 3986 est.

750 4108 852 4174 XXV.

276 4229 303 4289 1.
325 4225 512 4312 Ip.193h
536 4223 569 4290 ἐν
593 4224 628 4290 δέ
651 4238 723 4305 τοῖς
739 4224 858 4314 ἐφεξῆς
881 4221 898 4290 ὁ
916 4220 1056 4311 Ἄρατος
1071 4223 1227 4292 ἐπελθὼν
1249 4222 1291 4290 τά
1315 4224 1419 4291 λοιπά

202 4324 259 4388 τῶν
270 4329 475 4409 νοτιωτέρων
492 4321 622 4412 ἀστρων
638 4330 696 4392 τοῦ
710 4326 872 4414 ζῳδιακοῦ
885 4326 1040 4416 ἐπιφέρει
1055 4334 1153 4394 ταυτί
1168 4334 1210 4407 (v.
1224 4332 1420 4406 367-3oe)·
