3174 5160
532 359 579 414 IV.
597 360 648 413 DE
667 358 840 413 CRATETE
858 358 1045 415 MALLOTA.
1342 361 1402 419 189

170 533 272 600 simus
292 534 455 616 geminum
472 533 569 600 Probi
590 533 696 599 locum
719 553 750 617 p.
770 536 840 614 179,
864 533 949 598 uude
970 553 1012 599 ne
1033 533 1193 598 tantillum
1216 535 1346 616 quidem
1369 537 1402 599 iu

168 626 350 701 ‘Heracliti'
364 637 466 717 ipsius
481 635 589 718 agello
601 636 742 701 crevisse
753 637 949 718 patefactum
962 642 1019 701 ost.
1048 635 1224 700 Reddimus
1240 635 1401 701 Oannnnr.

260 906 422 991 Deinceps
452 908 492 972 de
520 901 664 972 ‘Homeri
690 898 930 990 geographicis'
964 907 1039 989 quid
1071 905 1205 972 Osanna
1235 907 1403 995 censuerit,

172 1010 375 1092 exponimus.
421 1008 494 1088 Qua
523 1010 556 1073 in
584 1030 618 1075 re
648 1008 817 1075 Strabonis
849 1010 1050 1093 potissimum
1083 1009 1220 1090 legimus
1254 1008 1402 1090 vestigia.

170 1110 203 1176 Is
225 1131 257 1194 p.
276 1111 334 1178 30
357 1110 590 1190 (Waohsmuth.
606 1131 637 1194 p.
654 1113 706 1187 46)
731 1107 784 1174 δτι
807 1109 843 1174 δὲ
864 1148 905 1155 -
921 1111 1024 1193 inquit
1040 1144 1079 1160 *-
1098 1110 1152 1174 καὶ
1175 1104 1194 1193 ἦ
1220 1105 1307 1194 πρὸς
1329 1121 1403 1185 ταῖς

171 1205 324 1296 Ἄρκτοις
353 1210 490 1295 ἒσχατιά
514 1217 759 1296 παρωκεανῖτίς
782 1208 881 1291 ἐστιν,
907 1203 1011 1288 ούτως
1035 1205 1170 1297 ᾐνίξατο
1194 1209 1300 1277 εἰπῶν
1324 1213 1403 1294 περὶ

171 1315 231 1399 τῆς
256 1308 394 1399 Ἄρκτου
417 1317 466 1395 (Il.
482 1315 593 1381 XVIII
614 1337 645 1380 v.
663 1317 735 1397 489,
759 1313 864 1381 Odv
888 1336 917 1379 v.
935 1318 1023 1390 275r

400 1415 455 1504 οἵη
479 1409 510 1481 δ’
537 1409 688 1498 ἀμμορύς
711 1413 782 1480 ἔστι
806 1417 950 1500 λοετρῶν
968 1408 1145 1482 Ὠκεανοῖο.

173 1514 229 1582 διὰ
253 1517 314 1599 μὲν
342 1517 405 1604 γὰρ
428 1523 487 1607 της
512 1513 646 1599 Ἄρκτου
677 1520 730 1582 καὶ
754 1520 814 1605 της
835 1513 981 1604 Ἀμάξης
1004 1523 1046 1595 (v.
1064 1521 1140 1601 487)
1167 1515 1226 1583 τὸν
1250 1510 1403 1600 ἀρκτικὸν

173 1618 284 1704 δηλοῖ·
320 1611 359 1684 ού
381 1617 465 1740 γὰρ
474 1610 515 1686 ἀν
537 1619 705 1686 τοσούτων
736 1612 928 1705 ἀστέρων’
914 1644 947 1685 εν
977 1621 1025 1703 τηῖ
1049 1613 1139 1704 αύτηῐ
1167 1625 1279 1704 χωρίηι
1306 1644 1402 1704 περι-

173 1727 368 1841 φερομένων
382 1725 431 1840 τη]
447 1714 501 1788 ἀεὶ
517 1725 653 1808 φανερῶ
668 1719 756 1810 ‘osus
772 1715 935 1804 ἀμμορον
956 1717 1032 1786 εἶπε
1044 1716 1201 1804 λοετρῶν
1212 1713 1402 1787 Ὠκεανοῖο.

173 1815 254 1887 ὥστ’
283 1816 341 1888 ούκ
370 1807 405 1888 εύ
436 1816 595 1908 ἀπειρίαν
625 1818 726 1890 αύτού
755 1846 1065 1908 καταγινωσκοσσιν,
1097 1819 1176 1947 eigs
1177 1831 1244 1889 ιίαν
1267 1817 1403 1908 Ἀρκτον

174 1917 246 1989 ἀντι
272 1923 361 1990 δοεῖν
385 1923 523 2003 εἰδότος.
569 1919 729 2011 οὐδὲγὰρ
761 1924 848 2003 εἰκὸς
870 1923 909 2014 ην
933 1951 988 1990 πω
1018 1923 1077 2013 την
1100 1925 1214 2050 ἕτερον
1237 1919 1403 2013 ἠστροδε-

174 2029 318 2147 τησθαι,
343 2019 418 2090 ἀλλ’
423 2020 514 2114 ,ἀφ’
533 2031 570 2092 σύ
588 2028 619 2093 οἱ
638 2034 793 2105 Φοίνικες
809 2026 1057 2115 εσημειωσαντο
1082 2029 1135 2092 καὶ
1154 2025 1294 2112 ἐχρῶντο
1318 2027 1404 2112 πρὸς

173 2125 230 2193 τὸν
253 2130 372 2209 πλοῦν,
404 2129 589 2255 παρελθεῖν
618 2133 675 2196 καὶ
705 2130 753 2207 εἰς
780 2128 859 2207 τούς
872 2121 1032 2216 Έλληνας
1060 2128 1119 2215 την
1143 2128 1295 2207 διάταξιν
1324 2127 1403 2193 ταύ-

174 2256 242 2317 την,
268 2222 384 2313 ῶσπερ
406 2256 462 2296 και
484 2228 542 2296 τδν
566 2238 740 2318 Βερενίκης
764 2231 937 2314 πλόκαμον
963 2234 1017 2296 καὶ
1041 2230 1099 2297 τὸν
1122 2231 1283 2314 Κάνωβον
1307 2228 1404 2351 ἕχθδς

177 2334 247 2398 καὶ
254 2332 375 2420 πρῴην
403 2339 712 2416 κατωνομασμένον,
743 2333 890 2410 πολλούς
918 2327 985 2398 δ’
976 2357 1026 2399 ετι
1054 2337 1111 2398 νῦν
1135 2328 1326 2450 ἀνωνύμοης
1348 2327 1403 2397 δν-

175 2459 242 2516 τας,
259 2435 421 2520 καθάπερ
437 2460 493 2500 και
483 2431 647 2520 Ἀρατύς
663 2459 789 2557 ηνησιν
790 2442 832 2514 (v.
852 2442 933 2512 145).
966 2427 1043 2500 odda
1058 2440 1254 2500 ΚΡΑΤΗΣ
1267 2431 1324 2500 σύν
1347 2426 1404 2520 ἀρ-

176 2539 248 2614 δῶς
270 2535 394 2657 γράφει
416 2537 484 2604 »εοῖΙ
513 2564 533 2626 η
541 2532 679 2616 ²⁸³)od
658 2537 809 2621 αμμορύς
832 2562 904 2603 εστι
933 2539 1105 2622 λοετρῶν»
1129 2536 1260 2624 φεύγων
1288 2535 1330 2601 τὰ
1359 2563 1403 2622 μη

177 2637 311 2725 φευκτά
355 2641 450 2722 βελτί
437 2633 552 2705 ίωνδ
575 2634 859 2722 Hooiztscvogffr.
823 2640 972 2705 fXXX
993 2642 1153 2724 Byw...)
1170 2638 1341 2721 ,διάμὲν
1365 2636 1403 2723 δη

176 2764 231 2828 της
246 2734 440 2826 Ἀρκτοσ,
421 2768 460 2830 ην
478 2768 534 2807 και
524 2741 696 2824 Ἅμαξαν
711 2743 806 2806 καλεῖ
827 2745 882 2807 καὶ
905 2739 963 2807 τὸν
975 2735 1117 2822 Ωρίωνα
1142 2740 1287 2807 δοκεύων
1310 2748 1403 2829 φησί,

176 2838 231 2907 τὸν
255 2834 411 2927 ἀρκτικὸν
434 2844 543 2930 δηλοῖ,
568 2842 624 2909 διὰ
649 2844 684 2908 δὲ
706 2847 764 2908 τού
784 2837 938 2908 Ὠκεανοῦ
960 2841 1019 2908 τὸν
1043 2839 1205 2924 ὁρίζοντα,
1230 2845 1277 2920 εἰς
1295 2842 1333 2909 δν
1348 2846 1403 2908 καὶ

178 2941 211 3022 ἐξ
231 2939 271 3011 οὗ
293 2942 355 3022 τὰς
378 2944 489 3023 δύσεις
510 2949 565 3011 καὶ
588 2944 649 3023 τὰς
676 2939 841 3023 ἀνατολὰς
864 2957 1015 3010 ποιεῖται
1039 2949 1068 3022 (ε
1092 2948 1281 3013 Posidonio:
1307 2968 1404 3031 supra

176 3066 205 3130 p.
223 3052 294 3112 170.
330 3047 378 3114 Of.
394 3069 425 3132 p.
444 3052 526 3126 192).

260 3149 455 3232 Scripsimus
486 3147 555 3214 «οῖ’
584 3142 623 3236 η’»
653 3171 694 3215 ex
717 3152 881 3237 Apollonii
905 3149 1077 3233 Sophistae
1104 3150 1209 3216 lexico
1232 3151 1403 3215 Homerico

177 3270 199 3316 ο.
211 3273 242 3318 v.
260 3244 413 3334 ἄμμορος
427 3257 469 3336 (p.
486 3256 538 3335 29,
554 3256 699 3337 lisqq.)·
717 3247 733 3316 δ
753 3252 787 3317 δὲ
803 3255 998 3316 ΚΡΑΤΗΣ
1012 3248 1117 3326 οὕτως
1133 3243 1350 3334 ἀναγινώσκει
1365 3250 1404 3336 «η’

176 3344 206 3414 τ’
232 3343 337 3416 αύτού
361 3357 541 3439 στρέφεται
569 3359 626 3418 καί
647 3347 679 3417 τ’
703 3346 844 3438 Ὠρίωνα
869 3351 1015 3419 δοκεύει»
1043 3357 1139 3434 μέχρι
1160 3352 1279 3417 τούτου
1302 3378 1403 3417 κατα-

177 3453 279 3536 λέγων
301 3450 341 3539 «ἣ
359 3446 391 3517 δ’
410 3447 562 3538 ἀμμορύς
585 3453 657 3520 ἐστι
680 3456 822 3537 λοετρῶν
842 3449 1010 3520 Ὠκεανοῖο
1018 3483 1041 3532 »,
1065 3454 1121 3519 ἵνα
1143 3452 1180 3520 τύ
1199 3452 1404 3544 συμβεβηκὸς

178 3549 260 3642 αύτῇ
281 3556 338 3620 καὶ
360 3549 436 3642 <Ios
455 3557 530 3623 add.
548 3556 826 3641 Waohsmuthius>
849 3555 973 3638 ἑτέροις
996 3559 1062 3620 τῶν
1079 3552 1210 3639 ἀστρων
1234 3552 1402 3646 ἀκούηται.

176 3659 349 3742 Extremis,
373 3679 456 3742 quae
479 3659 647 3726 adnotavit
665 3661 866 3744 Apollonius,
890 3662 1121 3726 consectarium
1141 3669 1198 3743 est,
1222 3662 1263 3727 de
1286 3662 1404 3727 tradita

178 3763 336 3846 scriptura
358 3783 379 3827 a
401 3763 585 3829 novissimis
609 3764 726 3828 criticis
749 3765 921 3830 inscienter
944 3783 1015 3828 esse
1031 3762 1220 3827 dubitatum.
1255 3762 1404 3827 Omnium

177 3883 252 3931 vero
270 3864 437 3947 superavit
452 3872 632 3930 commenta
654 3871 686 3930 et
701 3865 798 3948 longo
813 3872 886 3948 post
902 3885 936 3931 se
953 3865 1124 3930 intervallo
1143 3865 1273 3946 reliquit
1288 3864 1403 3930 Arthu-

176 3965 462 4033 riusLndwichins
475 3967 736 4049 Regimontanus‚
761 3988 831 4032 cum
855 3961 972 4047 «οἶμος
991 3965 1046 4030 δέ»
1069 3967 1302 4034 obtundendum
1318 3967 1402 4032 dnn-

261 4153 295 4213 ²⁸)
313 4146 376 4215 οἶος
393 4150 533 4204 Strabonis
552 4151 673 4205 codices:
693 4151 843 4217 emendavi3
869 4149 913 4221 οἵη
933 4150 1003 4205 coni.
1023 4152 1200 4206 Thierschius
1221 4149 1404 4218 adstipulante

176 4234 383 4291 Waehsmuthio
400 4253 427 4305 p.
440 4241 483 4301 46,
502 4227 519 4307 ᾗ
537 4236 569 4292 τέ
590 4256 640 4292 κεν
658 4234 778 4299 Tollius,
795 4228 813 4305 ἦ
831 4242 928 4293 τεκαὶ
947 4237 1081 4304 Heynius‚
1104 4232 1153 4306 ἠδὲ
1170 4240 1219 4292 καὶ
1237 4237 1402 4305 Spitznerus,

178 4315 259 4390 οἶμος
277 4315 306 4378 δ’
324 4322 384 4388 (sic)
401 4321 585 4375 Ludwiohius.
