3174 5160
719 374 872 428 ARATEA

312 547 469 623 τέταρτος
493 544 544 622 δέ,
569 543 603 608 έν
626 537 654 628 ηδ
674 549 859 628 χειμεριναὶ
883 548 1008 630 τρσιιαὶ
1029 553 1194 629 γίνονται·
1223 546 1296 613 ἔστι
1319 540 1352 613 δ’
1381 545 1415 613 έν

310 644 417 730 τούτῳ
441 644 482 709 τὰ
504 651 590 727 μέσα
613 649 672 710 τοῦ
693 645 882 732 Αἰγόκερω.

184 745 423 833 έκηανέστερον
447 741 480 810 δ)
508 745 557 812 ἔτι
573 745 629 811 διδ
645 747 772 813 τούτων
789 741 1015 816 ἀποδίδωσιν·
1039 748 1195 834 περὶγὰρ
1211 753 1278 816 τῶν
1293 750 1413 817 κολού-

184 874 250 929 ρων
274 849 458 932 λεγομένων
480 847 619 928 κύκλων,
645 851 678 914 οἳ
699 848 885 935 γράφονται
910 850 966 916 διό
988 874 1025 915 τε
1046 854 1112 915 τῶν
1135 850 1251 918 στόλων
1273 855 1331 918 καὶ
1355 851 1413 919 διὰ

183 954 248 1014 των
270 953 441 1031 τροπικῶν
463 952 517 1014 καὶ
542 948 740 1035 ἰσημερινοῖν
764 956 919 1035 σημείων,
943 956 1046 1040 φησὶν
1070 945 1190 1030 σύτως·
1439 969 1467 1019 ’.0

311 1050 417 1134 έτερσι
441 1047 472 1116 δ’
500 1051 564 1116 εἰσὶ
589 1051 647 1116 δύο
666 1051 777 1119 κύκλοι
792 1058 966 1135 τέμνοντες
982 1046 1144 1142 ἀλλήλους
1161 1055 1236 1136 δίχα
1252 1059 1308 1123 καὶ
1325 1054 1414 1141 νιρδς

308 1147 417 1242 όρδδς
450 1151 506 1219 διὰ
541 1157 606 1218 τιῦν
640 1153 755 1219 ιτόλων
784 1157 843 1219 τοῦ
872 1155 1008 1237 κόσμου.
1055 1154 1127 1222 ἔστι
1152 1150 1183 1220 δ’
1216 1155 1249 1223 έν
1279 1156 1414 1234 τούτοις

308 1250 415 1339 όστρα
447 1255 543 1320 τόδε·
573 1259 706 1340 ιτρωτσς
729 1251 746 1319 ό
771 1255 877 1334 ιτόλσς
900 1253 916 1322 ό
943 1253 996 1324 ἀεὶ
1023 1257 1168 1344 φανερὸς
1190 1263 1250 1325 τοῦ
1273 1257 1411 1342 κόσμου,

308 1354 380 1423 εἶτα
403 1356 441 1423 τό
465 1362 567 1439 μέσον
591 1360 649 1441 τῆς
670 1352 807 1442 Ἄρκτου
830 1357 913 1423 κατὰ
938 1358 1066 1437 πλάτος
1088 1363 1144 1427 καὶ
1166 1362 1225 1426 τοῦ
1240 1365 1412 1444 Καρκίνου

307 1458 343 1524 τδ
368 1464 480 1542 μέσον.
1437 1476 1465 1525 25

178 1563 233 1625 καὶ
255 1554 329 1644 μετ’
356 1555 468 1647 ὀλίγον
492 1566 609 1647 φησίν·

306 1656 326 1750 η’
349 1689 386 1729 τε
409 1657 490 1749 σύρὰ
514 1665 573 1727 τοῦ
597 1668 707 1728 νοτίου
727 1656 856 1744 Ἰχθύος
878 1665 933 1727 καὶ
955 1661 992 1727 τδ
1017 1669 1120 1746 μέσον
1142 1668 1201 1730 τσῦ
1219 1664 1410 1751 Αἰγόκερω.

179 1764 212 1830 έν
238 1767 273 1832 δέ
297 1779 367 1842 τοῖς
391 1765 464 1850 ἑξῆς
488 1787 608 1851 φησιν,
637 1763 670 1828 έν
692 1767 740 1849 τη]
764 1763 865 1849 ἑτέρῳ
888 1767 955 1828 των
979 1764 1035 1830 διὰ
1058 1769 1124 1832 τιῦν
1147 1766 1262 1834 νιόλων
1284 1767 1411 1834 κύκλων

179 1874 316 1933 κεῖσθαι
348 1866 406 1931 σύν
435 1878 507 1942 τοῖς
541 1861 669 1944 ἄλλοις,
706 1864 756 1942 οἷς
783 1865 1019 1949 ἐξαριθμεῖται
1045 1869 1250 1949 (ΕΗΒΟΧΗΒ),
1281 1871 1338 1934 καὶ
1367 1867 1411 1934 τὰ

176 1973 263 2051 μέσα
298 1972 363 2033 των
393 1968 516 2054 Χηλιῦν
549 1966 632 2032 κατὰ
667 1966 796 2042 νιλότος
824 1972 878 2033 καὶ
909 1971 968 2033 τσῦ
997 1972 1102 2052 Κρισῦ
1131 1967 1173 2035 τδ
1205 1972 1294 2034 νῶτα
1322 1969 1409 2036 κατὰ
1433 1986 1462 2034 30

178 2071 315 2147 ττλάτσς.

264 2227 294 2276 16
313 2219 389 2278 ἔστιν
401 2222 450 2275 LV
473 2224 481 2287 ΙΙ
505 2225 535 2276 18
554 2214 746 2278 α’τισδίδωσιῩ
767 2223 776 2288 II
801 2225 831 2275 19
845 2241 875 2277 τε
888 2222 924 2274 L:
944 2223 1029 2290 11ch
1051 2223 1060 2288 ΙΙ
1083 2225 1115 2274 22
1127 2224 1191 2290 post
1204 2215 1299 2293 ὀρθὰς
1310 2224 1412 2278 lacuna

178 2312 193 2359 4
210 2308 359 2361 litterarum
378 2308 406 2359 In
424 2306 446 2358 L
468 2308 477 2373 II
501 2303 577 2361 ἔστιν
596 2299 658 2360 δ’[ι
679 2307 688 2374 II
712 2310 745 2359 24
763 2300 797 2361 τὸ
816 2313 879 2359 ante
897 2311 942 2362 κλ.
961 2306 1014 2360 add
1033 2307 1064 2358 V.

718 2529 863 2594 XXXIII

265 2650 295 2713 II
317 2669 347 2731 p.
365 2650 469 2712 2143
493 2647 664 2729 Signorum
687 2649 779 2713 initia
801 2650 833 2713 in
857 2649 978 2714 oriente
1002 2649 1139 2713 versari:
1161 2649 1220 2713 XL
1243 2653 1261 2714 3
1286 2670 1316 2732 p.
1337 2656 1408 2719 107.

719 2869 858 2933 XXXIV

260 2991 290 3054 ll
313 3010 341 3071 p.
360 2988 468 3051 2141)
491 2981 507 3051 ό
527 2984 562 3049 δὲ
579 2987 796 3056 ΕΥΔΟΞΟΣ
815 2984 1109 3068 ἐξαριθμούμενος,
1133 2984 1197 3051 όσα
1214 2986 1304 3054 ἐστὶν
1320 2985 1407 3076 ’ὑπὲρ

175 3092 234 3174 γῆς
255 3093 314 3154 τοῦ
338 3094 504 3172 Καρκίνου
529 3083 709 3172 ύρχομένου
740 3080 945 3166 ἀνατέλλειν,
978 3090 1061 3173 φησὶ
1084 3085 1142 3153 τὸν
1161 3081 1407 3175 Έγγσ<ύ>νασιν

176 3183 255 3257 όλον
279 3188 365 3256 εἶναι
381 3189 535 3277 φανερόν,
559 3192 618 3254 τοῦ
635 3188 669 3253 δὲ
684 3187 858 3275 Στεᾳόνσυ
873 3185 911 3253 τό
928 3180 1031 3272 ἥμισυ
1047 3191 1102 3253 καὶ
1118 3186 1178 3275 τὴν
1193 3193 1252 3254 τοῦ
1267 3185 1407 3277 Άρκτσ-

176 3288 322 3377 ᾳύλακος
343 3290 490 3379 κεφαλὴν
513 3291 568 3355 καὶ
592 3288 651 3374 την
673 3293 732 3354 τοῦ
750 3283 930 3376 Ὀφιούχοο
953 3287 1100 3377 κεφαλὴν
1129 3291 1183 3354 καὶ
1212 3289 1272 3376 την
1302 3287 1407 3380 ούρδν

174 3398 233 3460 τσῦ
257 3396 412 3476 έχομένου
430 3388 576 3478 Ὄφεως,
606 3394 672 3455 των
703 3391 738 3455 δὲ
769 3389 855 3473 πρὸς
884 3390 980 3457 νότον
1005 3390 1143 3472 Ωρλωνα
1165 3384 1243 3457 όλσν
1265 3396 1321 3459 καὶ
1344 3400 1406 3462 τοῦ
1429 3418 1444 3465 5

173 3502 283 3561 νοτίου
303 3491 431 3576 Ἰχθύος
454 3494 490 3560 τό
516 3492 603 3578 τυρός
626 3490 684 3579 τὴν
707 3492 863 3579 κεφαλήν.
908 3488 925 3558 ό
955 3492 1016 3572 μέν
1046 3478 1103 3558 σύν
1125 3498 1298 3579 Στέφανος
1319 3497 1407 3563 κατὰ

172 3595 230 3662 τὸν
246 3591 386 3681 Ἄρατον
410 3595 543 3681 ’έγγιστα
561 3607 734 3679 συμφωνεῖ
750 3645 757 3658 .
775 3645 782 3658 .
800 3645 807 3659 .
824 3592 907 3658 κατὰ
923 3599 1089 3678 μέντοιγε
1105 3592 1163 3659 τόν
1179 3599 1410 3670 ΕΥΔΟΞΟΝ

174 3697 328 3786 δηλονότι
345 3698 517 3784 διαφωνεῖ,
543 3695 684 3777 έιιεέιιερ
709 3691 725 3782 ἡ
751 3687 832 3783 ἀρχὴ
850 3698 909 3761 τοι]
926 3702 1092 3777 Καρκίνου
1108 3690 1181 3760 κατ)
1202 3692 1302 3764 αὐτόν
1318 3700 1405 3765 κατὰ

171 3807 274 3883 μέσον
308 3800 379 3865 ἐστὶ
411 3797 448 3864 τό
484 3801 549 3864 τῶν
579 3796 739 3880 Διδύμων
774 3798 1071 3884 δωδεκατημόριον.
1116 3796 1172 3862 ἵνα
1203 3799 1238 3863 δὲ
1267 3798 1312 3888 μὴ
1345 3799 1403 3869 διὰ

87 3889 89 3893 ’
172 3901 300 3980 παντὸς
331 3899 635 3988 έτιισημαινώμεθα
665 3903 778 3979 τούτο,
811 3901 1013 3990 διαληπτέον
1041 3898 1209 3982 καθόλου,
1241 3902 1329 3968 διότι
1356 3903 1402 3990 μη
1429 3927 1456 3977 10

258 4062 381 4140 4όφέσυ
399 4069 423 4122 V
443 4069 452 4136 ΙΙ
479 4073 493 4120 5
518 4062 572 4123 τόν
594 4068 623 4124 δὲ
641 4068 702 4122 LV:
728 4069 845 4136 correxi3
870 4069 961 4124 itidem
985 4068 1048 4122 olim
1072 4067 1190 4136 Scaliger
1218 4071 1227 4138 II
1255 4066 1345 4127 νότον
1362 4073 1400 4127 L:

170 4147 235 4209 νότ’
254 4154 280 4207 V
302 4156 311 4221 ΙΙ
332 4159 347 4207 9
366 4151 443 4209 ἐστὶν
460 4153 483 4206 L
505 4161 513 4217 I
537 4149 570 4209 τὸ
590 4153 627 4208 V:
648 4158 699 4209 τοῦ
717 4153 754 4222 Ιι;
774 4152 866 4223 μέσον
883 4152 943 4210 ἐστὶ
961 4158 1013 4210 τοῦ
1026 4155 1174 4226 Καρκίνου
1187 4155 1249 4208 coni
1264 4155 1403 4231 Scaligerfl

169 4235 418 4310 δωδεκατημόριον
430 4238 467 4291 V:
487 4269 519 4277 -
533 4240 579 4293 ιὀυ
591 4238 614 4290 L
637 4240 646 4305 ΙΙ
670 4244 700 4292 10
718 4233 755 4309 μὴ
770 4239 908 4293 Petavius:
926 4235 1005 4310 μόμη
1017 4239 1050 4303 V,
1063 4246 1126 4293 ante
1137 4233 1175 4309 μὴ
1188 4239 1287 4295 lacuna
1299 4245 1315 4294 I
1327 4241 1402 4297 litte·

167 4323 354 4376 mmmh
