3174 5160
170 347 231 406 308
709 343 861 398 ARATEA

168 518 339 604 ματιστης,
365 509 552 600 ἀλλὰπρὸς
574 513 610 578 τὸ
626 514 786 600 χρήσιμον
810 528 881 591 τοῖς
896 516 1168 597 ναυτιλλομένοις
1183 519 1288 580 ταῦτα
1313 509 1399 581 otro

169 624 420 707 διαγέγραπται.
449 615 584 692 εἰκότως
599 641 635 680 τε
651 612 925 702 ὁλοσχερέστερον
941 618 1019 703 περὶ
1035 616 1161 683 τούτων
1178 617 1400 702 διαλαμβάνει

170 719 255 789 urt’.
294 721 481 805 Hipparcho
504 722 697 786 recentiores
720 740 831 786 omnes
840 721 860 797 ¹)
884 720 959 785 inde
981 741 1002 784 a
1024 720 1190 804 Scaligero
1214 723 1268 796 (ad
1291 723 1399 787 Manil.

168 848 199 910 p.
217 831 269 901 53)
291 844 392 906 usque
414 823 457 888 ad
480 822 630 886 Buhlium
651 822 684 885 II
706 841 736 904 p.
754 825 816 885 465
840 829 871 887 et
893 824 977 887 ultra
999 857 1039 866 -
1063 823 1096 887 in
1118 824 1231 906 paucis
1253 826 1337 889 enim
1362 846 1401 891 ao

171 930 316 995 modeste
338 945 397 1010 per
419 924 592 989 editionem
623 925 744 1006 passim
768 925 935 990 oblocutus
959 931 1008 990 est
1030 925 1240 990 Buttmannus
1263 962 1304 971 -
1328 947 1401 991 cum

168 1031 315 1097 assentiri
331 1027 468 1093 soleant:
493 1026 576 1090 inter
597 1031 722 1090 veteres
738 1026 834 1108 longe
849 1027 1033 1108 gravissimi
1048 1034 1196 1093 auctores
1209 1047 1270 1093 nec
1293 1031 1401 1112 pauci,

169 1133 224 1215 qui
244 1137 276 1195 et
298 1136 371 1193 ante
387 1127 609 1211 Hipparchum
625 1134 657 1192 et
672 1134 785 1209 postea
800 1129 936 1209 fuerunt,
959 1130 1054 1193 aliter
1069 1130 1251 1194 censebant.
1289 1129 1402 1196 Iacent

170 1233 266 1298 hodie
280 1238 336 1297 aut
358 1231 529 1312 contempti
551 1237 607 1294 aut
629 1230 768 1311 ignorati
790 1240 845 1294 aut
868 1249 1037 1313 perperam
1060 1232 1232 1313 intellecti,
1259 1239 1294 1296 ut
1316 1253 1401 1299 nuno

169 1343 201 1401 et
223 1333 418 1416 congerendi
441 1342 472 1396 et
494 1332 727 1413 interpretandi
750 1332 791 1396 de
814 1334 938 1414 integro
954 1333 1045 1397 labor
1067 1332 1159 1397 nobis
1176 1335 1401 1417 suscipiendus

169 1439 211 1502 sit
231 1435 422 1501 necessario.

254 1537 476 1622 Hipparchum
505 1537 590 1621 ipse,
624 1536 740 1599 acriter
771 1536 797 1600 si
827 1554 999 1617 aggressus
1021 1536 1099 1619 eris,
1129 1545 1281 1602 nontam
1303 1540 1401 1624 male,

170 1661 265 1724 quam
295 1640 399 1704 videri
431 1646 463 1703 et
485 1638 652 1703 consuevit
675 1645 707 1701 et
733 1637 852 1719 voluit,
882 1655 917 1700 re
940 1656 1018 1702 vera
1040 1637 1081 1702 de
1103 1639 1194 1702 Arati
1218 1641 1402 1722 cognitione

169 1743 252 1809 caeli
274 1742 423 1822 sensisse,
447 1741 475 1805 si
498 1739 629 1821 quidem
652 1740 705 1803 vel
728 1740 908 1803 accuratius
926 1739 1062 1804 Eudoxo
1085 1741 1239 1805 nonnulla
1260 1741 1316 1806 ille
1340 1744 1400 1807 soi-

168 1847 278 1927 visset,
301 1843 443 1906 breviter
465 1840 655 1906 monuimus.
693 1840 867 1906 Praeterea
889 1841 974 1905 idem
992 1840 1195 1924 Hipparchus
1217 1843 1403 1924 frequenter

169 1945 364 2029 significavit
391 1962 501 2008 omnes
529 1949 604 2006 ante
633 1961 667 2007 se
693 1933 1019 2007 ‘Phaenomenorum'
1053 1944 1243 2026 interpretes
1265 1946 1402 2010 Aratum

169 2057 300 2132 putasse
312 2046 452 2111 siderum
465 2045 703 2127 peritissimum.
727 2041 850 2120 Quodsi
866 2044 923 2108 ille
938 2046 1162 2110 translatorem
1177 2045 1261 2110 dixit
1273 2046 1403 2112 Eudoxi

170 2157 264 2216 etue
291 2148 451 2213 erroribus
481 2147 610 2229 quidem
639 2146 787 2210 vertendi
816 2147 989 2210 immunem
1012 2148 1161 2229 Aratum,
1190 2146 1252 2213 hoc
1280 2168 1402 2213 novum

168 2253 290 2335 primus
319 2270 376 2315 suo
405 2249 483 2314 fecit
512 2256 544 2312 et
570 2249 713 2330 periculo
741 2256 773 2312 et
801 2249 1001 2313 auctoritate.
1045 2249 1173 2332 Percipi
1201 2270 1265 2314 non
1291 2259 1404 2332 posset

170 2360 259 2417 tanta
273 2349 453 2434 Hipparchi
469 2351 501 2413 in
517 2350 686 2415 scribendo
704 2351 798 2432 copia
816 2357 847 2413 et
870 2358 934 2413 tam
958 2350 1115 2415 industrie
1137 2354 1285 2433 quaesita
1306 2373 1402 2418 accu-

170 2455 266 2535 ratio,
295 2455 358 2518 nisi
384 2454 576 2534 pervulgata
599 2458 667 2515 erat
688 2453 753 2516 iam
774 2458 842 2515 tum
864 2453 934 2517 laus
956 2453 1047 2516 Arati
1070 2461 1102 2517 et
1124 2454 1156 2516 in
1179 2455 1275 2519 rebus
1297 2462 1401 2520 astro·

169 2555 304 2620 nomiois
320 2554 525 2619 existimatio.
561 2553 620 2617 Vel
637 2572 727 2617 usum
744 2553 872 2617 Eudoxi
888 2555 1041 2619 Arateum
1056 2556 1177 2636 primus
1194 2556 1403 2639 Hipparchus

170 2657 293 2721 exstitit
321 2658 375 2737 qui
405 2655 620 2720 contenderet.
666 2655 738 2719 Non
760 2654 925 2737 perdimus
949 2675 1095 2737 operam:
1124 2657 1264 2739 eclogas,
1287 2660 1315 2724 si
1340 2660 1402 2724 dif-

169 2756 257 2838 fidis,
288 2777 357 2840 cap.
380 2757 412 2820 11
434 2763 466 2822 et
489 2756 549 2820 VII
571 2757 714 2839 prolatas
736 2758 898 2840 inspicias.
944 2759 1046 2839 Ergo,
1081 2764 1155 2824 ante
1178 2759 1402 2842 Hipparchum

170 2866 326 2941 quotquot
341 2860 381 2923 de
394 2849 720 2924 ‘Phaenomenorum'
746 2866 935 2940 argumento
957 2861 1148 2925 sententiam
1170 2863 1319 2945 tulerunt,
1344 2883 1402 2930 eos

170 2980 281 3026 omnes
303 2967 526 3044 exspectamus
548 2968 665 3042 poetae
687 2960 854 3025 scientiam
878 2961 961 3024 caeli
978 2961 1157 3044 reliquisse.
1196 2963 1262 3028 Sed
1285 2965 1326 3030 de
1349 2965 1402 3032 his

169 3069 283 3144 postea
303 3063 458 3146 pluribus.

254 3163 291 3226 In
321 3164 456 3228 eandem
486 3167 675 3229 sententiam
699 3163 790 3228 Theo
819 3172 1019 3230 astronomus
1048 3166 1198 3232 discessit
1225 3189 1256 3252 p.
1273 3174 1313 3236 59
1334 3171 1401 3236 W.:

169 3254 254 3327 ὅθεν
269 3263 357 3339 τινὲς
371 3267 439 3328 atriu
455 3260 682 3348 ἁπαλωτέρους
693 3269 970 3351 προσερχομένων
985 3277 1059 3342 ταῖς
1075 3265 1266 3353 ἐξηγήσεσιν
1282 3269 1402 3347 ἐ’ὄοξαν

169 3363 213 3450 μὴ
237 3363 475 3452 μαθηματικὸν
498 3363 586 3432 εἶναι
608 3364 667 3432 τὸν
688 3363 844 3450 Ἄρατον·
874 3362 1044 3450 ὑπέλαβον
1071 3366 1133 3452 γὰρ
1162 3369 1264 3457 μηδὲν
1288 3369 1402 3456 ἕτερον

168 3470 235 3531 τῶν
265 3462 412 3543 Εὐδόξου
445 3474 662 3551 Φαινομένων
692 3467 882 3554 ποιήσαντα
913 3462 1014 3534 αὐτὸν
1048 3469 1096 3547 εἰς
1128 3467 1166 3536 τὸ
1203 3471 1402 3558 σύγγραμμα

170 3574 295 3635 θεῖναι.
339 3569 461 3656 ταύτης
489 3571 525 3636 δὲ
547 3574 606 3658 της
628 3570 759 3657 γνώμης
781 3569 890 3650 ἔχεται
911 3573 968 3638 καὶ
982 3562 1169 3655 Ἵππαρχος
1191 3569 1208 3640 ὁ
1233 3575 1400 3653 Βιθυνός·

171 3671 205 3737 ἓν
232 3671 294 3756 γὰρ
323 3684 394 3748 τοῖς
414 3667 521 3756 Ἤρας
549 3668 696 3749 Εὔδοξον
722 3675 778 3738 καὶ
806 3667 959 3755 Ἄρατον)
994 3678 1155 3758 πειρᾶται
1182 3680 1281 3742 τοῦτο
1311 3672 1402 3743 ἀνιο-

259 3876 277 3938 ¹)
296 3875 382 3929 Semel
408 3860 488 3928 etiam
507 3875 625 3942 Scaliger
649 3874 789 3928 adnotavit
810 3875 901 3943 inique
920 3875 1104 3943 Hipparchum
1127 3877 1161 3932 de
1179 3879 1264 3933 Arato
1282 3881 1401 3936 sensisse

170 3961 206 4015 ed
223 3976 251 4027 p.
268 3961 347 4012 1963
365 3959 469 4012 Patavii
486 3963 554 4027 (cap.
568 3959 595 4012 II
613 3976 640 4027 p.
654 3963 743 4027 90qu
762 3959 794 4012 de
812 3963 879 4012 Ara:
900 3963 1088 4026 Hipparchus
1106 3967 1151 4012 hic
1169 3982 1223 4014 non
1241 3971 1402 4032 assequitur

170 4053 282 4095 mentem
300 4047 394 4094 Arati:
418 4063 470 4094 non
493 4049 563 4094 enim
581 4050 615 4095 de
639 4050 771 4096 distantia
796 4064 891 4095 earum
915 4051 1060 4096 stellarum
1079 4052 1112 4098 ab
1134 4053 1243 4099 Arctico
1266 4054 1401 4116 loquitur,

169 4135 218 4181 sed
234 4135 275 4180 ait
292 4135 395 4180 diutius
408 4133 557 4179 Arcturum
575 4148 631 4180 esse
645 4139 732 4196 supra
752 4139 854 4180 terram
868 4150 949 4196 quam
967 4136 1062 4193 Aram,
1082 4153 1153 4200 quae
1170 4139 1271 4196 statim,
1289 4144 1321 4184 ut
1338 4146 1401 4186 orta

170 4223 222 4275 est,
242 4219 351 4274 occidit,
371 4224 462 4279 utpote
484 4234 555 4282 quae
572 4220 609 4266 sit
628 4219 744 4280 propior
767 4219 951 4265 r'ntersectr'om'
968 4221 1139 4268 meridianae
1156 4223 1174 4269 i.
1194 4237 1214 4268 e.
1234 4223 1273 4293 tq}
1292 4224 1400 4294 σημείῳ

169 4294 436 4372 οἷνταρκτικωτάτῳ,
