3174 5160
467 366 499 419 V.
519 366 568 419 DE
586 365 701 418 ARATI
719 364 879 419 SCRIPTIS
898 367 1129 422 DEPEHDITIS.
1349 371 1411 428 235

180 529 262 617 (‘ll.’
290 539 334 603 IV
358 559 386 602 v.
406 541 479 614 412)
509 539 701 621 disputavit:
731 539 785 600 καὶ
817 531 901 600 άλλα
932 536 968 601 δέ
998 538 1069 606 ἐστι
1093 539 1258 618 ξενίζοντα
1282 543 1315 610 ἐν
1337 559 1410 621 τοῖς

175 639 332 727 Ὁμήρου,
356 631 439 720 μεθ’
452 630 598 724 Ὅμηρον
622 638 658 703 δέ
682 641 774 727 σαφη
796 641 838 725 τῇ
858 639 974 724 χρήσει
996 640 1155 725 γεγονότα
1170 647 1227 709 καὶ
1241 643 1300 730 τήν
1317 646 1410 712 λύσιν

178 746 240 831 τής
264 736 412 827 ἀπορίας
432 738 666 821 ἐπιδεξάμενα,
690 738 727 806 τό
746 740 782 805 δέ
799 744 936 805 «τέττα»
953 736 1048 808 οὐδὲν
1064 748 1216 810 τοιοῦτον
1231 749 1289 829 τῆς
1305 740 1410 830 άγνω-

180 851 258 921 σίας
288 846 342 909 καὶ
367 845 426 907 τού
453 841 497 929 μὴ
527 842 780 929 όιημαρτῆσθαι
803 840 956 918 ἐξείλετο.
999 839 1036 909 ού
1064 851 1175 911 τοίνυν
1198 851 1335 912 «τέττα»
1360 849 1410 914 δεῖ

177 946 322 1034 γράφειν
345 940 432 1010 άλλόι
455 945 603 1023 «τέτλα»,
627 946 684 1031 τῆς
708 943 764 1008 ἐπὶ
788 947 903 1021 τέλους
921 947 1086 1034 συλλαβῆς
1103 941 1335 1036 ἀποκοπείσης
1351 954 1410 1016 τοῦ

175 1042 360 1115 (τέτλαθιῖ
391 1049 445 1112 καὶ
468 1044 531 1130 γάρ
555 1045 645 1110 ἐστιν
669 1041 775 1127 εὑρεῖν
797 1045 835 1110 τό
860 1049 997 1112 «τέτλα»
1022 1047 1198 1133 λεγόμενον
1221 1050 1315 1135 παρὰ
1340 1052 1409 1117 δια-

178 1150 316 1238 φόροις,
341 1145 386 1225 ιύς
408 1151 462 1213 καὶ
482 1143 622 1234 Ἄρατός
645 1169 747 1234 φησιν
771 1146 804 1212 ἐν
828 1153 1046 1214 ΧΑΡΙΤΩΝ
1065 1150 1183 1238 πρώτη
1207 1156 1324 1217 «τέτλα
1341 1184 1410 1218 ->›.

177 1256 325 1320 Pertinet
346 1252 461 1318 eodem
477 1251 661 1334 Hesychius
683 1272 708 1317 s.
724 1272 755 1317 v.
772 1247 882 1336 τέτλα]
906 1245 1098 1333 ὑπόμεινον,
1123 1248 1238 1334 ἀνέχον
1262 1267 1410 1322 monente

177 1357 220 1421 M.
245 1355 436 1421 Schmidtio.
476 1353 563 1431 Quid
585 1356 794 1416 ΧΑΡΙΤΕΣ
816 1354 891 1418 illae
915 1355 977 1419 sibi
1000 1357 1130 1437 vellent,
1153 1378 1213 1422 nec
1230 1358 1409 1424 Meinekius

173 1452 285 1524 ‘Vind
308 1447 423 1522 Strab?
448 1475 479 1538 p.
499 1455 577 1519 180*
599 1474 658 1520 nec
683 1455 871 1520 Knaackius
891 1448 1022 1520 ‘Herm'
1051 1460 1132 1522 1883
1156 1479 1186 1540 p.
1207 1461 1247 1522 28
1270 1462 1410 1525 assecuti

176 1559 300 1633 sunt¹⁴).
338 1559 530 1645 Rettulimus
553 1549 829 1621 ad‘Minutorum’
856 1558 971 1622 seriem
994 1559 1035 1623 de
1058 1569 1246 1641 argumento
1270 1562 1408 1627 eTheo·

176 1662 249 1727 criti
270 1652 419 1726 ‘Gratiis'
451 1660 495 1724 ad
518 1659 692 1723 Hieronem
722 1660 829 1724 missIs
857 1659 983 1741 aliquid
1012 1661 1152 1725 divinari
1180 1682 1275 1745 posse
1298 1665 1406 1728 existi·

174 1769 310 1828 mantes.
355 1762 437 1827 item
464 1762 662 1842 Meleagrum
690 1759 884 1826 adhibemus
905 1755 1014 1825 ‘Anth
1039 1755 1116 1827 Pal?
1142 1763 1187 1828 lV
1211 1767 1283 1846 3sq.
1308 1759 1408 1829 δινσε

173 1865 235 1946 μέν
253 1864 462 1946 Μελέαγρος,
487 1855 633 1946 άριζάλην
658 1860 693 1925 δέ
708 1862 847 1926 Διοκλεῖ
861 1855 1073 1942 μναμόσυνον
1089 1862 1213 1928 ταύταν
1229 1864 1407 1951 ἐξεπόνησε

171 1959 271 2050 χάριν
295 1973 328 2031 et
349 1967 546 2048 Orinagorae
570 1966 602 2028 in
623 1957 942 2030 ‘Anacreonteorum'
970 1967 1121 2031 volumen
1145 1967 1274 2033 effatum
1294 1969 1407 2034 XXIX

173 2071 257 2134 Rub.
280 2069 406 2151 βίβλων
428 2060 448 2153 ἡ
470 2062 605 2150 γλυκερή
632 2064 772 2148 λυρικῶν
796 2062 846 2129 ἐνὶ·
866 2064 973 2145 τεύχεϊ
989 2066 1075 2150 cpida
1091 2065 1215 2143 πεντὰς
1231 2061 1406 2155 ἀμιμήτων

173 2169 252 2254 ἐ’ργα
277 2173 373 2255 φέρει
395 2174 554 2251 Χαρίτων
563 2171 604 2246 ¹⁶).

262 2356 294 2418 ¹⁴)
308 2348 430 2408 ‘Musas'
449 2353 579 2408 historiae
597 2352 768 2406 Herodoteae
785 2366 851 2405 aevo
870 2351 1046 2406 alexandrino
1065 2352 1209 2421 inscriptas
1228 2370 1262 2408 ne
1279 2355 1405 2422 neglegas

171 2455 239 2494 neve
253 2432 406 2493 ‘Bacchas'
425 2439 541 2493 Philolai
559 2438 682 2505 (Boeckh
696 2431 846 2492 ‘Philolaos
865 2437 912 2491 des
930 2437 1126 2506 Pythagoream
1145 2433 1268 2493 Lehren’
1286 2458 1312 2508 p.
1328 2444 1378 2506 36).

259 2525 292 2589 ¹⁵)
310 2523 425 2593 Scripsit
448 2517 532 2596 ιΠερὶ
557 2516 692 2596 χάριτος’
721 2521 866 2590 Dionysius
894 2521 1047 2590 Transfuga
1074 2524 1166 2577 Laert.
1192 2524 1270 2592 DIog.
1290 2525 1328 2578 IX
1342 2530 1366 2585 4,
1379 2530 1403 2580 5,

171 2608 329 2663 Cleanthem
353 2610 424 2663 idem
448 2609 546 2664 iecisse
564 2610 636 2663 mala
654 2608 809 2662 casauboni
831 2606 949 2674 suspicio
973 2615 1016 2662 est
1033 2624 1048 2661 e
1068 2609 1215 2677 depravata
1232 2608 1336 2663 Laertii
1353 2611 1404 2665 Vll

173 2699 244 2760 1,14
262 2695 285 2757 (I
296 2711 325 2762 p.
339 2695 405 2763 XIX
415 2695 470 2758 W.)
490 2697 624 2763 scriptura
640 2699 751 2767 χαλκοῦ
764 2692 896 2747 derivata:
915 2691 1036 2760 ἐξέκλινε
1055 2695 1085 2750 δέ
1103 2715 1173 2765 φασι
1192 2695 1284 2760 (Zeno)
1302 2700 1351 2752 καί
1369 2693 1403 2752 τὸ

170 2784 379 2852 πολυδημῶδες,
397 2774 437 2846 ὡς
448 2775 497 2836 ἐπ’
510 2777 603 2851 άκρσν
614 2783 789 2849 καθίζεσθαι
802 2783 854 2836 τοῦ
865 2776 983 2851 βάθρου
994 2783 1154 2850 κερδαίνων
1172 2775 1206 2836 τὸ
1220 2785 1291 2851 γοῦν
1303 2777 1405 2854 ἕτερον

169 2865 259 2937 μέρος
277 2869 328 2936 τῆς
345 2865 530 2937 ἐνοχλήσεως.
568 2860 602 2922 ού
620 2862 676 2937 μὴν
694 2859 758 2922 οὐδὲ
776 2861 848 2932 μετὰ
862 2859 1005 2920 πλειόνων
1024 2869 1082 2919 τιῦν
1101 2861 1149 2922 δύο
1169 2861 1187 2936 ή
1205 2870 1293 2936 τριῶν
1311 2886 1403 2937 περιε-

169 2946 263 3006 πάτει.
299 2948 394 3008 ἐνίοτε
412 2951 507 3008 δὲκαὶ
523 2945 635 3022 χαλκόν
653 2950 821 3018 εἰσέπραττε
839 2945 906 3014 τοὺς
925 2950 1163 3020 παρισταμένους,
1183 2941 1257 3006 ὥστε
1276 2943 1403 3016 δεδιότας

169 3030 204 3091 τὸ
224 3031 334 3092 διδόναι
351 3032 389 3107 μή
402 3033 538 3106 ἐνοχλεῖν,
551 3031 687 3108 καθάπερ
705 3039 773 3105 φησὶ
787 3030 935 3104 Κλεάνθης
953 3031 985 3088 ἐν
997 3038 1038 3108 τῷ
1052 3028 1136 3104 ιΠερὶ
1147 3027 1279 3104 χαλκοῦ’.
1310 3031 1404 3090 πλειό-

170 3140 229 3176 νων
246 3140 278 3176 τε
296 3118 495 3192 περιστάντων
519 3113 609 3177 αύτὸν
631 3121 724 3185 δείξας
741 3117 772 3174 ἐν
791 3123 826 3188 τή
850 3122 924 3194 στοᾷ
941 3112 1009 3173 κατ’
1032 3115 1125 3184 άκρου
1144 3114 1177 3173 τὸ
1198 3114 1309 3182 ξύλινον
1327 3138 1402 3188 περι-

169 3205 256 3274 φερὲς
277 3209 332 3261 τοῦ
353 3210 456 3278 βωμοῦ
480 3202 533 3276 ἐφη
556 3198 625 3260 κτλ.’
661 3205 804 3270 Menagius
828 3220 879 3270 pro
905 3206 1015 3273 χαλκοῦ
1032 3203 1125 3270 posuit
1141 3197 1265 3273 χρόνον,
1286 3203 1401 3256 Waohs-

169 3340 288 3394 muthius
313 3341 372 3396 sine
394 3357 477 3396 causa
493 3347 600 3412 χρειαῖν
618 3342 743 3396 coniecit.
781 3338 953 3392 Probabilius
973 3291 1082 3395 HPAX
1101 3340 1118 3392 i.
1139 3354 1163 3391 e.
1185 3331 1371 3408 Ἡρακλείτου
1390 3354 1404 3392 ε

170 3426 256 3538 ΧΑλλ
276 3478 411 3534 elicuerit.
447 3481 506 3534 ταῖν
527 3473 713 3548 Ἡρακλείτου
739 3472 899 3547 ἐξηγήσεων
926 3475 1051 3545 τέσσαρα
1078 3475 1179 3547 βιβλία
1207 3474 1332 3528 Laertius
1352 3474 1403 3530 VII

174 3572 194 3632 1,
210 3571 258 3620 114
275 3563 317 3618 IX
332 3569 354 3627 1,
369 3567 400 3616 15
413 3562 512 3616 attulit.
542 3562 637 3631 Neque
654 3563 733 3615 aliter
751 3560 820 3614 liber
832 3561 929 3615 Boethi
943 3563 1059 3614 Arateus
1072 3559 1154 3613 modo
1168 3557 1252 3633 εΠερὶ
1272 3552 1402 3630 Ἀρότου’

168 3650 247 3704 modo
260 3642 325 3719 (τῆς
336 3641 457 3720 Ἀράτσν
468 3643 625 3720 ἐξηγήσεως
637 3637 749 3719 βιβλία’
764 3646 865 3699 citatur
884 3649 921 3713 lp.
938 3649 1068 3713 robelli-l·
1106 3645 1225 3698 Pronum
1244 3650 1311 3707 erat,
1330 3643 1401 3697 Stoi·

171 3751 231 3788 cum
242 3734 405 3802 praesertim
420 3763 450 3771 -
464 3732 632 3786 Heraclitum
650 3732 734 3785 Stoici
753 3731 882 3784 amabant
894 3759 927 3768 —
939 3729 1072 3784 Heracliti
1090 3730 1119 3782 in
1131 3727 1300 3797 plebeculam
1319 3725 1401 3781 effata

168 3819 392 3887 interpretantem
416 3817 571 3871 Zenonenm
594 3816 665 3883 vulgi
691 3817 861 3884 despicatum
880 3814 1018 3877 conferre,
1036 3815 1108 3868 sicut
1126 3812 1240 3882 physica
1258 3813 1399 3880 utriusque

170 3918 202 3957 eo
214 3902 329 3958 consilio
346 3902 418 3956 idem
431 3901 630 3974 Cleanthesxtll
642 3919 668 3970 p.
681 3901 735 3953 XII
746 3900 800 3957 W.)
819 3901 978 3968 composuit,
997 3902 1029 3952 ut
1041 3900 1178 3952 Zenonem
1191 3899 1226 3951 ab
1238 3897 1400 3951 Heracliteis

168 3988 270 4056 placita
288 4003 339 4041 sua
349 3987 485 4041 derivasse
494 3992 667 4042 monstraret.
686 3985 867 4039 Wilamowitz
876 3979 1041 4050 ‘Antigonos
1052 4000 1105 4038 von
1117 3976 1264 4052 Karystos'
1276 3999 1303 4050 p.
1317 3983 1398 4037 115¹⁵.

169 4069 199 4125 U.
213 4071 332 4126 Koehler
345 4065 430 4126 ‘hius
450 4065 534 4126 rhen!
556 4076 622 4126 1884
639 4087 667 4139 p.
679 4075 737 4124 191.

685 4313 885 4321 ..————
