3174 5160
447 371 483 424 ΙΙ.
503 370 553 423 DE
573 371 687 424 ARATI
706 371 838 426 coolou
856 373 1098 428 HIPPARGHEO.

288 539 425 606 εἰλεῖται
449 540 605 627 κεφαλήν,
628 547 685 607 καί
708 542 739 607 oi
764 541 870 620 ποδὸς
893 543 1021 629 έρχεται
1046 539 1147 628 άχρις,

117 659 139 707 lo
288 641 321 707 έκ
345 635 376 706 δ’
405 627 499 719 αὖτις
522 645 726 727 παλίνορσος
743 637 947 733 ’άνατρέχειμ

242 751 271 811 2.
294 747 310 810 Ι
331 766 363 829 p.
382 748 482 812 18οΑ
513 743 674 827 ἐχομένως
703 745 738 810 δὲ
762 746 1026 829 διαμαρτάνουσι
1055 746 1179 824 πάντες
1201 746 1235 812 έν
1264 751 1305 834 τῇ
1327 752 1386 814 τοῦ

156 846 347 931 Δράκοντος
369 848 483 926 θέσει,
513 843 809 931 ὑπολαμβάνοντες
836 845 895 936 τὴν
918 847 1052 937 καμπὴν
1082 842 1183 914 αὐτὸν
1205 854 1388 917 ποιεῖσθαι

156 950 235 1033 περὶ
258 945 317 1035 την
339 947 487 1034 κεφαλὴν
509 952 568 1034 της
590 953 710 1032 μικράς
731 944 877 1033 Ἄρκτου.
924 950 956 1015 οἷ
978 950 1040 1036 γάρ
1071 949 1304 1035 λαμπρότατοι
1331 954 1385 1017 καὶ

155 1047 333 1139 ἡγούμενοι
355 1053 421 1115 τιῦν
446 1050 479 1117 ἒν
501 1054 549 1136 τῷ
573 1052 724 1138 πλινθίῳ
746 1050 869 1139 ταύτης
891 1045 1039 1136 ἀστέρων
1071 1047 1129 1132 (cdv
1153 1048 1169 1119 ὁ
1193 1054 1253 1136 μὲν
1275 1059 1385 1139 βορει-

112 1168 136 1216 ll
154 1151 271 1237 άτεράς
294 1150 364 1217 ἐστι
386 1146 460 1216 κατ’
487 1145 608 1229 αὐτοὺς
631 1152 687 1219 ἐπὶ
717 1156 775 1241 τῆς
797 1155 958 1242 κεφαλῆς,
988 1150 1005 1220 ὁ
1037 1156 1073 1220 δὲ
1102 1152 1298 1236 νοτιιάτερυς
1328 1152 1385 1220 inl

154 1257 220 1319 τῶν
255 1252 476 1337 ἐμπροσθίων
510 1254 635 1335 ποδῶν)
663 1254 886 1341 παραλλήλοις
917 1254 1050 1340 ἐ’γγιστα
1080 1270 1205 1322 κεῖνται
1233 1259 1274 1342 τῇ
1304 1249 1386 1343 οὗρζ

154 1359 212 1421 τοῦ
236 1353 440 1440 Δράκοντος.
487 1355 612 1440 ψεῦδος
635 1342 692 1422 οὖν
715 1356 785 1422 έστι
807 1363 850 1436 (v.
868 1361 1007 1437 52-53)
1031 1357 1068 1424 τὸ

284 1463 406 1542 σπείρῃ
429 1452 463 1521 δ’
492 1455 524 1522 ἓν
547 1457 743 1543 Κονάσουρα
764 1458 847 1545 κάρη
872 1458 953 1540 έχει·
975 1458 995 1548 ἢ
1020 1460 1055 1526 δὲ
1078 1454 1152 1524 κατ)
1179 1454 1280 1544 αὐτην

284 1557 423 1624 εἰλεῖται
445 1557 603 1647 κεφαλήν.

108 1675 133 1724 to
153 1655 281 1743 ὁμοίιος
305 1660 340 1725 δὲ
361 1663 418 1726 καί
441 1656 458 1724 ὃ
484 1656 630 1738 Εέδοξος
650 1659 782 1748 γράφει.

238 1766 268 1828 3.
292 1764 308 1827 Ι
328 1784 359 1847 p.
379 1765 482 1829 1843
505 1758 777 1847 ὁμολογουμένως
799 1761 861 1850 γάρ
885 1757 941 1829 ἐπ’
970 1762 1094 1852 ἐκείνης
1113 1767 1227 1843 (Ursas
1242 1766 1385 1844 Minoris)

150 1858 170 1949 ἦ
189 1888 226 1929 τε
248 1863 376 1951 κεφαλὴ
399 1867 456 1929 καὶ
479 1864 511 1929 οἱ
535 1862 639 1939 πόδες
662 1862 695 1928 ἐν
717 1877 789 1942 τοῖς
810 1864 990 1950 τέσσαρσιν
1012 1861 1072 1930 ὑπ’
1101 1859 1208 1930 αὐτῶν
1230 1870 1384 1933 τίθενται

152 1979 223 2042 τοῖς
246 1958 283 2030 τὸ
309 1966 470 2031 πλινθίον
494 1964 766 2051 περιέχουσιν...
784 1959 870 2032 ὥστε
893 1972 1138 2053 συσχηματίσαι
1160 1965 1219 2056 την
1239 1967 1385 2056 κεφαλὴν

153 2066 254 2154 αὐτῆς
282 2068 337 2132 καὶ
366 2065 443 2143 τοὺς
471 2064 581 2143 πάθας
607 2066 958 2152 περιλαμβανομένους
985 2064 1051 2134 ὑπὸ
1082 2071 1139 2154 της
1163 2075 1304 2154 σπείρας
1327 2073 1385 2135 τοῦ

99 2181 128 2231 30
150 2168 352 2256 Δράκοντος,
376 2160 421 2245 ὥς
444 2191 547 2256 φησιν
570 2174 612 2249 (v.
630 2174 782 2250 ἔνθ-53)·

285 2276 405 2357 σπείρῃ
431 2264 462 2335 d’
489 2270 523 2336 έν
545 2271 742 2358 Κυνόσουρα
764 2271 845 2359 κάρη
871 2272 952 2354 έχει·
975 2271 995 2358 ἢ
1020 2272 1055 2337 δὲ
1077 2266 1150 2337 κατ’
1178 2266 1278 2359 αι’·τήν

283 2370 422 2438 εἰλεῖται
444 2371 599 2460 κεφαλήν,
624 2379 680 2439 καί
703 2374 735 2439 οί
759 2373 864 2451 ποδὸς
887 2375 1016 2461 ἔρχεται
1038 2369 1141 2459 άχρις.

242 2529 273 2576 14
290 2526 339 2579 καί
352 2530 415 2592 post
432 2524 463 2580 δὲ
474 2523 528 2577 add
541 2524 564 2576 Ιι
578 2526 587 2592 Ι)
605 2530 632 2577 li
648 2518 737 2581 αέτὸν
751 2526 773 2577 V
787 2546 803 2582 ο
821 2527 849 2580 in
867 2542 964 2581 rasura
975 2527 1089 2595 scripto:
1110 2519 1198 2582 αι’·τοῦ
1212 2526 1233 2578 L
1248 2527 1257 2594 ΙΙ
1271 2529 1301 2581 '20
1320 2520 1387 2582 κατ’

152 2603 259 2674 αὐτοὺς
281 2624 344 2662 corr
368 2609 507 2672 Palatius,
534 2608 603 2666 κατ’
624 2604 713 2667 αὐτὸν
738 2614 798 2666 coni
821 2612 953 2678 Scaliger:
977 2606 1051 2668 κατὰ
1077 2615 1129 2668 τοί
1147 2610 1195 2664 LV
1215 2610 1224 2678 ll
1248 2614 1279 2663 23
1303 2606 1389 2675 κυνὸς

153 2687 306 2767 οὐρακάρη
323 2693 347 2747 V
360 2695 369 2760 Ι)
383 2697 415 2746 29
434 2697 552 2766 σπείρης
566 2695 613 2750 LV
627 2696 636 2764 Ι)
648 2699 681 2749 30
700 2716 767 2768 φησι
780 2697 813 2751 V.

239 2885 341 2950 Versu
365 2887 404 2947 49
428 2882 609 2951 Marcianus
625 2887 716 2952 Arati
739 2887 867 2970 scripsit
889 2877 1135 2950 «ἀποτείνεται»
1158 2892 1190 2950 et
1213 2884 1273 2950 hac
1295 2904 1388 2967 para·

151 2985 264 3069 phrasi
293 2984 448 3050 firmavit:
479 2980 565 3068 λέγει
589 2984 638 3050 δέ·
662 2981 694 3052 ‘d
718 2985 860 3072 Δράκων
883 2983 1033 3073 έτέρα<ν>
1059 2985 1120 3067 μὲν
1149 2987 1215 3049 τιῦν
1244 2979 1389 3071 Ἄρκτων

152 3089 194 3172 τῃ
217 3083 337 3170 ἐσχάτῃ
363 3079 464 3149 adcor]
488 3078 572 3173 σίρᾷ
594 3079 839 3153 άποτείνεταά.
877 3087 967 3167 Quae
991 3090 1164 3172 subiunxit,
1187 3086 1286 3153 fidem
1309 3086 1389 3152 haec

152 3190 275 3255 faciunt
298 3190 477 3255 dubitatum
508 3191 550 3254 ab
579 3193 719 3274 antiquis
750 3192 869 3258 criticis
891 3193 990 3258 fuisse
1021 3192 1061 3256 dc
1091 3191 1237 3256 lcctionis
1260 3189 1388 3270 iutegri-

152 3298 233 3356 iatc:
257 3288 424 3377 γράφεται
448 3289 562 3356 δὲκαὶ
586 3288 840 3357 «irradiamur
871 3290 954 3357 κατὰ
977 3289 1038 3376 γάρ
1062 3289 1121 3378 την
1144 3283 1245 3375 οὐράν
1268 3285 1390 3352 άποτέ·

152 3418 254 3457 ταται
286 3387 304 3456 ὁ
334 3389 487 3477 Δράκων.
534 3390 625 3458 ’ἐστιν
655 3378 713 3458 οὖν
744 3394 822 3477 περὶ
856 3390 915 3477 τὴν
948 3389 1094 3480 κεφαλὴν
1128 3394 1187 3478 τῆς
1213 3384 1337 3477 Ἑλίκης
1372 3384 1389 3476 ἡ

153 3486 237 3575 οὖρά
258 3530 305 3563 -s
321 3485 367 3570 ιῖίς
390 3516 494 3580 φησιν
512 3531 551 3538 -
568 3491 605 3570 ἐξ
625 3485 664 3580 ἧς
686 3488 921 3578 περιτέμνεται
944 3487 1031 3573 (άντὶ
1054 3497 1113 3560 τοῦ
1135 3489 1390 3579 περιλαμβάνει)

153 3592 217 3686 τὴν
247 3595 474 3680 Κυνόσουραν.
525 3597 636 3662 Nihilo
669 3603 778 3663 tamcn
813 3598 917 3664 socius
952 3589 1198 3662 άποτείνεσθαι
1227 3586 1386 3662 ‘extendi'

151 3703 196 3779 (v.
214 3701 289 3774 242)
318 3702 371 3764 vel
398 3693 474 3766 ‘sibi
505 3690 693 3765 cxtcudorc‘
725 3701 876 3767 inversu
905 3702 1024 3766 Arateo
1051 3700 1098 3764 ita
1126 3699 1327 3779 conlocatur,
1358 3704 1392 3762 ut

153 3821 268 3868 sanum
297 3820 367 3867 esso
396 3803 438 3867 ob
462 3794 566 3886 άλλην
589 3803 809 3868 accusativum
837 3810 986 3885 nequeat.
1030 3803 1144 3884 Neque
1168 3801 1253 3866 enim
1276 3798 1390 3866 Ursam

152 3903 289 3968 alteram
313 3903 474 3984 extendit,
505 3902 564 3969 scd
587 3921 688 3984 usquc
711 3903 755 3968 ad
777 3904 858 3970 illud
881 3904 970 3971 sidus
993 3905 1062 3988 ipsc
1086 3901 1282 3968 extenditur:
1315 3897 1391 3964 ἐπι-

152 4008 300 4067 τείνεται
322 3995 469 4086 Ἄρκτον,
494 3996 552 4067 oda
575 3995 802 4069 άποτείνεται.
839 4005 890 4070 Iia
910 4007 978 4071 fero
1005 4005 1158 4071 Eudoxus
1180 4000 1251 4079 (τὸν
1273 3998 1390 4085 μικρὸν

154 4096 281 4181 άστέρα
303 4098 389 4188 ὑπὲρ
412 4106 471 4190 τῆς
491 4105 639 4191 κεφαλῆς
662 4102 783 4195 ἔχουσα
804 4106 864 4190 τῆς
884 4103 1029 4192 μεγάλης
1043 4098 1202 4187 Ἄρκτου),
1227 4105 1273 4168 ita
1287 4103 1390 4169 codex

154 4205 334 4290 Hipparchi
364 4227 422 4273 seu
450 4208 580 4274 codices
611 4208 662 4284 (cf.
687 4208 833 4285 iniraV).
880 4208 1038 4291 Exemplo
1066 4207 1143 4272 siut:
1173 4201 1193 4289 ἢ
1225 4195 1256 4266 d’
1284 4197 1392 4279 αὔτως

153 4300 278 4392 ὀλίγων
308 4303 525 4373 ἀποτείνεται
554 4302 654 4391 ὤμων
675 4299 811 4393 ὃργυιήυ
831 4311 876 4386 (v.
896 4311 1089 4391 194-195),
1118 4304 1174 4392 ’ίση
1199 4304 1231 4370 σί
1255 4304 1390 4389 στάθμη

207 4416 317 4470 Philolog.
332 4415 533 4470 Pntersuchuugsn
546 4416 599 4460 XII.
1221 4411 1235 4458 5
