3174 5160
397 370 430 425 V.
451 371 500 424 DE
517 369 631 422 ARATI
651 370 810 425 SCRIPTIS
828 371 1059 427 DEPERDITIS.
1280 372 1340 432 229

112 544 226 609 Priore
257 563 352 610 versu
379 542 532 611 fluctuant
559 543 687 610 codices
715 546 797 608 inter
825 541 865 607 οὐ
893 549 974 630 μένη
997 569 1054 625 με,
1085 544 1124 610 οὐ
1152 551 1262 629 μένεις
1289 571 1340 628 με,

113 641 152 708 οὐ
169 640 239 724 ’μὲν
263 639 373 725 οἶμαι,
405 647 506 711 altero
528 646 611 710 inter
634 642 725 728 δειλῇ
748 653 781 710 et
803 644 929 731 ὁειλήν,
952 646 1127 714 fluctuabat
1150 649 1340 716 Mcinekius.

113 747 177 824 Qui
201 747 235 810 in
255 739 440 813 ‘Vindiciis'
467 745 507 811 σύ
529 745 590 827 μὲν
613 739 651 809 οό
673 768 715 825 με
738 744 887 833 σιδηρείῃ
912 737 991 834 dud
1014 747 1105 834 δειλῇ
1122 755 1158 815 Γ.
1175 775 1211 814 τι.
1229 742 1337 831 αὐτίχ’

111 842 234 934 ὁμοίην
257 848 505 930 commendavit,
527 851 560 913 in
583 848 723 913 editione
746 851 898 931 praetulit
922 844 940 935 ἥ
962 873 1019 931 με,·
1040 853 1109 918 illic
1124 854 1170 917 ita
1185 872 1256 918 sese
1270 854 1341 935 ipse
1421 920 1426 935 .

111 953 355 1032 interpretatur:
376 968 466 1033 quae
486 946 577 1011 Deli
595 946 736 1011 casulae
757 950 859 1012 verba
882 970 953 1012 esse
974 950 1066 1014 mz'lzz'
1076 951 1256 1037 fingebam
1271 954 1340 1016 La-

110 1057 230 1115 tonam
252 1048 462 1125 obtestantur,
486 1056 527 1113 ut
541 1056 688 1135 partum
710 1052 808 1134 apud
823 1071 859 1114 se
873 1052 1041 1136 ιίιμονιιιί,1
1063 1054 1156 1136 quud
1164 1053 1339 1139 nz'fucz'ct,

110 1152 358 1237 Pholegandrc
375 1157 409 1214 et
425 1152 539 1236 Gyaro
551 1173 587 1214 se
601 1151 853 1237 sz'rnz'lemscre.
893 1153 996 1235 Quod
1008 1155 1117 1217 altero
1133 1156 1203 1218 ίοιο
1217 1153 1345 1239 scripu

110 1246 130 1339 ἢ
161 1256 256 1342 δειλῇ
279 1253 415 1339 Γυάρῳ,
443 1251 532 1316 satis
560 1259 690 1317 certum
720 1253 894 1318 vedebatur
916 1257 1111 1339 reputanti,
1142 1278 1212 1341 qua
1235 1277 1339 1319 causa

110 1355 195 1420 zhtos
223 1375 345 1419 uersus
373 1354 543 1418 attulerit.
588 1358 770 1423 Verisimile
799 1367 831 1424 et
859 1361 952 1425 nobis
984 1360 1111 1426 videtur
1132 1362 1204 1429 illas
1228 1361 1339 1443 hymni

110 1461 267 1543 reliquias
287 1479 366 1527 esse.
405 1460 442 1525 Id
458 1461 485 1525 si
500 1480 558 1543 pro
575 1460 742 1543 explorato
759 1459 871 1526 haberi
886 1468 1005 1545 posset,
1028 1463 1219 1528 Callimachi
1234 1462 1340 1545 gratia

109 1561 323 1644 gauderemus
338 1564 492 1644 impense.
523 1562 795 1628 Commemoravit
804 1557 1158 1647 Suidas‘Hymnorum'
1178 1565 1338 1647 syllcgam

110 1665 142 1728 in
177 1664 352 1745 laterculo,
386 1664 442 1729 ubi
474 1683 627 1747 perverse
654 1671 761 1729 tamen
793 1665 898 1730 editur
926 1655 1048 1745 όμνους
1076 1663 1124 1742 εἰς
1151 1663 1210 1729 τὸν
1238 1666 1338 1730 Πᾶνα

110 1762 383 1850 σπονδοφόρους,
414 1767 561 1850 quumvis
589 1765 734 1832 Achilles
764 1766 883 1832 habeat
911 1765 959 1842 εἰς
986 1770 1086 1832 Πᾶνα
1114 1765 1215 1848 όμυον
1243 1789 1274 1852 p.
1296 1771 1336 1830 55

110 1867 210 1934 Weut.
233 1875 267 1933 et
285 1868 379 1934 Theo
401 1868 490 1947 (Vlla
504 1869 564 1945 III)
586 1865 814 1944 dntcuudclch
838 1867 874 1933 δὲ
895 1871 943 1953 τῴ
964 1870 1098 1951 βασιλεῖ
1120 1871 1254 1952 πρῶτον
1276 1868 1337 1950 μὲν

111 1963 214 2034 αὑτοῦ
236 1974 370 2056 ποίημα
394 1967 517 2054 ἀνέγνω
540 1968 577 2034 τό
603 1968 651 2044 εἰς
670 1968 730 2034 τὸν
752 1972 852 2035 Πᾶνα
872 1973 934 2058 τῆς
954 1964 1141 2055 Ἀρκαδίας.
1186 1973 1338 2037 Diiuneta

110 2072 233 2138 scribas
262 2071 430 2138 Suidiana:
465 2075 666 2138 ΥΜΝΟΥΣ.
719 2072 777 2148 Εἰς
804 2071 864 2138 τόν
886 2075 1003 2138 Πᾶνα·
1033 2072 1334 2159 Σπονόοφόρους“).

110 2174 162 2238 De
191 2174 242 2240 his
269 2174 350 2239 nihil
379 2183 590 2258 compertum,
621 2176 774 2260 hymnum
801 2177 834 2241 in
856 2178 977 2242 Panem
999 2177 1159 2244 Arcadem
1188 2175 1334 2240 allece·

109 2277 250 2342 denibus
272 2277 355 2342 inter
377 2277 456 2343 deos
478 2278 613 2343 relatum
636 2278 773 2344 devictis
796 2299 880 2344 anne
903 2282 965 2344 276
980 2279 1084 2345 Gallis
1106 2279 1148 2345 ab
1163 2278 1335 2359 Antigono,

108 2379 168 2444 vix
184 2399 266 2444 -cum
301 2380 335 2443 in
369 2379 589 2446 Macedoniam
618 2382 775 2462 venisset,
806 2383 922 2448 Aratus
951 2382 1130 2463 compesuit
1147 2384 1167 2454 ).
1218 2379 1336 2460 Attigit

107 2480 190 2546 illud
204 2479 396 2546 Theocritus
418 2473 650 2565 in‘Thalysiis’
670 2503 700 2547 v.
714 2487 754 2548 99
762 2485 794 2557 ⁷).
824 2487 875 2548 An
897 2484 962 2546 τῶν
979 2484 1119 2545 ΚΑΤΑ
1134 2481 1337 2545 ΛΕΠΤΟΝ

108 2581 191 2646 liber
211 2574 435 2664 ‘Hymncrum’
461 2585 664 2667 portiuncula
685 2584 765 2649 fuit?

193 2801 284 2867 Idem
306 2801 347 2868 de
363 2803 503 2868 umens
525 2805 717 2888 quaerimus.
756 2804 820 2871 Sed
836 2806 925 2889 prius
948 2807 1127 2888 fragmenta
1142 2802 1335 2885 conligenda

107 2912 191 2971 sunt.

716 3128 730 3191 1

197 3267 225 3326 1.
254 3260 435 3344 Stephanus
463 3262 540 3346 Byz.
570 3283 595 3329 s.
618 3283 648 3327 v.
674 3260 841 3348 Γόργαρα]
870 3257 971 3339 πόλις
998 3264 1058 3349 τῆς
1090 3259 1246 3344 Τρῳάδος
1275 3255 1333 3321 hcl

108 3365 151 3449 τῇ
173 3356 257 3448 ἄκρᾳ
280 3363 339 3450 τῆς
353 3355 441 3451 Ἴδης
458 3413 491 3427 ..
515 3360 582 3428 ἐκεῖ
610 3366 668 3428 καὶ
690 3364 855 3447 Διότιμος
878 3358 1158 3449 όΆόραμυτηνός
1180 3359 1332 3424 ἐδίδασκε

108 3461 296 3547 Judaeum,
319 3462 367 3539 εἷς
388 3462 426 3531 ὃν
450 3461 588 3549 Ἄρατος
611 3461 721 3531 εἶπεν·

259 3563 364 3645 αἰάζω
385 3566 560 3651 Διότιμον,
583 3565 621 3644 ὃς
643 3567 677 3633 ἑν
700 3573 843 3654 πέτρῃσι
865 3563 1013 3654 adducet

304 3673 334 3731 Γ
330 3673 500 3754 σργαρέων
522 3672 643 3736 παισὶν
664 3673 751 3759 βῆτα
772 3673 826 3735 καὶ
852 3665 944 3757 ἅλιμα
967 3672 1079 3753 λέγων.

193 3906 215 3968 ἰ
232 3906 386 3969 samuhele
403 3905 472 3961 coni.
491 3905 720 3961 Hemsterhusius.

194 3991 213 4047 ‘l
230 3988 283 4042 Vel
300 3987 437 4045 uenam
459 3989 488 4043 iu
506 3990 589 4045 Suida
611 3981 717 4059 όμνους
739 3992 778 4056 εἰς
802 3987 856 4047 τὸν
875 3996 956 4048 Πᾶνα
981 3984 1225 4058 dispescuit‘ldus.
1244 3980 1331 4041 rhen.'

112 4072 200 4127 xm
217 4077 305 4139 (rsus)
322 4090 349 4142 p.
361 4075 415 4127 ιιι.

192 4160 213 4223 ⁸)
231 4157 334 4212 Usener
349 4176 377 4228 p.
390 4164 423 4214 44
430 4175 488 4229 sqq.

193 4245 214 4305 ἰ
231 4243 333 4298 llanloe
348 4238 404 4297 ‘Dc
426 4244 566 4299 Theocriti
587 4238 655 4298 rita'
673 4250 792 4313 p.13sq.
817 4245 996 4299 Wilamowita
1015 4242 1177 4312 ‘Antigones
1202 4261 1254 4299 ven
1272 4244 1328 4297 Ka·

115 4323 210 4394 τινα
225 4345 252 4399 ν·
267 4333 326 4385 ³4⁰·
