3174 5160
515 360 562 415 rv.
583 361 633 414 uu
652 360 824 415 caluaria
843 361 1030 416 uaniora,
1155 334 1158 342 ’
1322 360 1381 418 207

152 551 230 596 num
249 532 448 616 Dionysiaca
469 554 529 600 sua
551 555 592 600 ex
608 535 819 617 Neoptolemo
835 537 1007 619 sumpserit
1022 534 1206 617 Dionysius.
1240 533 1382 616 Respon-

153 632 224 698 deri
248 636 429 716 quaestioni
455 638 566 719 nequit
589 637 674 702 omni
697 638 764 702 fere
787 637 1031 720 argumentandi
1054 637 1189 701 materia
1212 634 1384 700 destitutae

151 741 285 817 praeter
313 734 375 802 hoe'
396 756 510 815 unum,
540 738 680 804 indieam
705 738 824 804 Baoohi
854 739 1093 822 expeditionem
1123 738 1220 804 etiam
1243 737 1382 819 Neopto·

152 838 274 902 lemum
300 838 405 904 videri
428 859 603 906 enarrasse.
649 839 733 905 Hine
755 859 903 905 veremur
924 861 965 906 ne
987 840 1198 923 deoipiantur‚
1230 840 1286 922 qui
1309 839 1384 905 inde

152 941 196 1004 ah
220 939 428 1022 Euphorione
451 942 580 1007 demum
604 940 809 1007 Chalcidensi
838 943 909 1007 oani
934 949 1079 1023 coeptam
1105 961 1176 1006 esse
1199 940 1320 1007 Baoohi
1343 941 1384 1006 de

152 1041 246 1108 Indis
268 1042 438 1108 victoriam
460 1043 686 1109 nuntiaverint.
725 1042 856 1109 Cautius
879 1045 917 1108 A.
934 1042 1150 1109 Dieteriohius
1169 1037 1233 1109 ‘De
1258 1043 1385 1127 hymnis

153 1135 311 1226 orphiois'
330 1144 506 1228 (Marpnrgi
521 1145 617 1224 1891)
632 1164 663 1227 p.
678 1147 717 1207 52
734 1144 900 1228 iudicavit,
920 1146 1164 1226 Neoptolemum
1182 1151 1214 1209 et
1230 1145 1300 1226 ipse
1315 1147 1384 1210 sive

151 1265 217 1310 non
231 1233 358 1312 'curans
380 1248 525 1313 consulto
548 1248 618 1312 sive
640 1247 801 1328 ignorans.

241 1431 275 1498 ⁴⁷)
294 1430 336 1484 cl.
358 1447 382 1486 v.
396 1435 446 1485 555
472 1426 557 1488 ἄλλαι
582 1429 706 1495 (insulae)
728 1423 757 1485 δ’
780 1424 928 1486 Ὠκεανοῖο
955 1425 1034 1502 παρὰ
1063 1425 1137 1499 ῥόον
1161 1425 1383 1501 ἐστεφάνωνται.

151 1516 275 1571 Verbum
287 1515 379 1569 eadem
391 1531 486 1571 versus
503 1516 568 1570 sede
578 1515 641 1568 llias
658 1515 741 1568 habet
752 1515 844 1569 XVlll
863 1532 887 1569 v.
900 1519 950 1569 485
965 1513 997 1570 ἐν
1015 1515 1044 1571 δὲ
1063 1510 1097 1571 τὰ
1112 1516 1208 1584 τείρεα
1226 1514 1330 1580 πάντα,
1349 1511 1384 1571 τά

152 1597 185 1658 τ’
205 1594 333 1674 οὐρανὸς
347 1596 554 1672 ἐστεφάνωται.
582 1600 664 1653 Cuius
676 1600 801 1654 versiculi
812 1600 932 1654 meminit
944 1593 1121 1667 qui‘Phaen.’
1134 1604 1217 1653 1561
1230 1600 1274 1665 (of.
1286 1617 1312 1669 p.
1326 1605 1384 1666 1115)

150 1680 318 1751 «Ὠκεανός,
330 1681 366 1742 τά
376 1704 408 1741 τε
417 1679 510 1742 πολλὰ
523 1684 725 1754 περιστέφεται
736 1681 781 1741 ἑοῖ
792 1679 869 1760 αὐτῷ
876 1707 887 1732 a
900 1685 1008 1754 scripsit
1016 1701 1065 1754 pro
1078 1684 1340 1756 «περιστρέφεται».
1352 1716 1384 1723 -

149 1764 302 1844 «οὐρανὸς
318 1767 479 1827 ἐνδέδεται»
496 1769 563 1823 fecit
580 1769 716 1824 Leonidas
735 1769 898 1825 Tarentinus
912 1765 1008 1824 ‘Anth
1028 1763 1094 1822 Pal'
1113 1769 1151 1822 lX
1171 1773 1211 1823 25.
