3174 5160
529 385 576 440 lv.
594 384 645 438 DE
664 382 836 438 CRATETE
855 382 1043 436 MALLOTA.
1337 381 1394 440 177

170 558 397 641 allegoriarum
428 558 587 642 syllogam
615 556 803 623 Garunnam
831 555 1012 638 adpellavit
1039 576 1065 621 c.
1084 559 1123 620 27
1155 576 1184 639 p.
1202 557 1241 619 58
1249 575 1311 638 sq.:
1341 554 1396 618 καί

169 660 274 724 ταῦτα
289 657 349 740 μὲν
361 659 441 743 περὶ
453 653 639 744 Ἡφαίστου
654 659 708 736 (de
723 679 758 724 re
774 658 907 724 Lemnia
921 659 1026 741 primo
1036 656 1149 723 Iliadis
1164 657 1246 722 libro
1257 661 1397 730 narrata)

171 762 430 848 φιλοσοφητέον.
476 759 520 824 ld
542 756 604 844 γὰρ
628 757 686 824 ἐπὶ
709 761 767 824 τοῦ
790 756 956 842 παρόντος
979 753 1023 834 ὡς
1044 761 1217 842 τερατείαν
1239 753 1314 821 τινὰ
1337 753 1396 843 τήν

169 863 431 927 ΚΡΑΤΗΤΟΣ
438 863 654 948 φιλοσοφίαν,
667 852 720 927 ότι
731 858 816 936 Ζεδς
827 853 1050 947 ἀναμέτρησιν
1060 862 1120 924 τοῦ
1132 857 1260 934 παντὸς
1272 855 1396 922 έσπου-
1455 925 1461 937 x

170 961 277 1041 δακώς
291 967 452 1047 γενέσθαι
475 962 533 1029 oto
549 976 692 1048 πυρσοῖς
707 961 952 1048 ίοοδρομοῦσιν,
971 957 1147 1049 Ἡφαίστῳ
1162 985 1198 1026 τε
1213 964 1268 1026 καί
1283 956 1395 1046 Ἡλίῳ,

170 1064 406 1151 διετεκμήρατο
434 1067 493 1130 τοῦ
522 1059 647 1146 κόσμου
677 1060 719 1128 τά
750 1063 975 1148 διαστήματα,
1005 1063 1146 1146 τὸνμὲν
1170 1060 1302 1130 άνωδεν
1326 1060 1394 1127 άπδ

167 1171 226 1234 τοῦ
247 1166 353 1254 βήλου
375 1167 577 1249 καλουμένου
601 1166 763 1250 dimaon),
793 1164 852 1230 τόν
881 1158 913 1230 δ’
941 1158 1003 1230 ἀπ’
1037 1159 1201 1250 άνατολής
1232 1164 1280 1242 εἰς
1302 1158 1397 1230 δόσιν

170 1264 270 1357 άφελς
300 1273 480 1356 φέρεσθαι.
533 1265 589 1334 διὰ
617 1261 710 1333 τοῦτ’
743 1261 929 1354 ἀμφότεροι
957 1269 1011 1332 καί
1048 1266 1297 1349 συνεχρόνισαν·
1328 1258 1397 1347 άμα

168 1370 228 1458 γὰρ
240 1365 363 1456 Ἠελίῳ
375 1368 553 1436 καταδύντι
568 1367 741 1435 κάππεσεν
752 1368 945 1456 Ἥφαιστος
957 1367 990 1434 έν
1002 1367 1149 1454 Λήμνῳ·
1165 1372 1263 1434 τοῦτο
1275 1374 1396 1446 τοίνυν,

170 1473 236 1539 είτε
262 1471 404 1560 κοσμική
433 1495 484 1548 τις
507 1464 744 1559 άναμέτρησις,
775 1465 847 1536 εἴθ’
879 1470 913 1550 (ό
934 1496 968 1536 τι
989 1471 1117 1552 μᾶλλον
1140 1465 1279 1558 ἀληθές)
1307 1469 1397 1537 ἐστιν

170 1568 367 1662 άλληγορικὴ
398 1576 457 1639 τοῦ
484 1565 567 1636 καθ’
599 1569 685 1657 ἡμᾶς
706 1570 820 1658 ’πυρός
849 1565 1049 1655 άνιλριόποις
1077 1572 1277 1657 παράδυσις,
1301 1566 1397 1638 οὐδὲν

172 1671 288 1761 ἀσεβὲς
310 1678 388 1761 περὶ
407 1671 595 1762 Ἡφαίστου
618 1667 702 1759 παρ’
721 1670 853 1762 Ὁμήρῳ
877 1675 1075 1758 trasmae).
1115 1678 1212 1742 Vides
1236 1677 1397 1760 quomodo

173 1802 240 1848 cum
265 1781 426 1846 Oaarnmc
442 1770 778 1862 egerit‘Heraclitus':
802 1779 928 1844 etiamsi
943 1777 1111 1844 mirificum
1134 1779 1195 1844 viri
1211 1779 1397 1862 interpreta-

173 1890 312 1949 mentum
336 1881 496 1964 improbet
518 1887 615 1962 atque
638 1880 786 1946 derideat
807 1882 900 1963 adeo,
923 1879 1131 1946 nihilominus
1153 1901 1216 1946 non
1231 1881 1399 1963 propulsat

174 1985 226 2052 sed
237 1984 422 2051 dubitanter
434 1982 563 2048 cohibet
573 1981 737 2047 indicium.
764 1983 897 2047 Multum
909 1981 1044 2047 (lamnas
1059 1981 1144 2064 apud
1158 1983 1246 2047 illum
1259 1985 1398 2049 auctori·

174 2094 234 2153 tate
249 2086 393 2153 valuisse
409 2083 596 2150 censendus.
635 2083 774 2149 Proinde
794 2090 1020 2165 exspectamus
1035 2083 1176 2163 tirmiter,
1198 2083 1278 2149 alibi
1301 2087 1398 2151 etiam

176 2189 313 2270 pluriens
337 2186 536 2252 Heraclitum
560 2185 730 2252 Carunms
752 2184 926 2266 allegorias
951 2184 1138 2250 Homericae
1161 2186 1332 2268 expilasse.

254 2290 365 2372 Ipsum
389 2286 470 2352 illud
493 2287 579 2369 quod
597 2287 692 2353 modo
708 2287 907 2352 absolvimus
930 2296 1026 2368 caput
1040 2288 1165 2353 interno
1183 2289 1309 2353 vinculo
1326 2309 1398 2355 cum

180 2390 378 2473 praecedenti
401 2389 588 2472 conligatur.
627 2385 685 2451 δύο
709 2385 858 2470 πυρσοῖς
883 2385 1144 2473 ίσοδρομοῦυτας
1167 2390 1343 2456 Vulcanum
1367 2401 1399 2457 et

183 2491 432 2560 dolendumne
454 2510 526 2557 esse
542 2492 644 2556 voluit
667 2512 693 2557 c.
710 2494 761 2573 27,
784 2492 870 2556 idem
893 2490 955 2557 hoc
969 2512 1027 2574 per
1042 2491 1291 2574 disputationem
1313 2514 1339 2559 c.
1357 2497 1398 2559 26

185 2613 316 2676 sparsum
346 2613 418 2661 esse
448 2594 531 2659 ultro
565 2593 768 2676 intellegitur.
820 2593 990 2659 Claudicat
1018 2593 1179 2660 Vulcanus
1210 2594 1399 2662 Homericus

187 2695 223 2769 (ll.
237 2698 252 2761 Ι
266 2718 297 2762 v.
314 2698 483 2778 592sqq.);
510 2696 566 2760 καὶ
588 2692 721 2770 τούτοις
744 2686 774 2757 δ’
800 2688 1052 2775 δποκρόπτεταί
1074 2718 1125 2770 τις
1144 2689 1275 2780 Ὁμήρῳ
1299 2695 1399 2782 φιλό-

190 2816 279 2884 σοφος
302 2798 394 2871 νοῦς·
419 2789 456 2859 οὐ
479 2793 542 2879 γάρ
558 2793 736 2876 πλάσμασι
753 2809 942 2882 ποιητικοῖς
963 2794 1041 2871 τοὺς
1064 2790 1242 2872 άκοίοντα,Ι
1266 2803 1399 2881 τέρπων

191 2889 289 2963 αὐτίκα
302 2894 412 2980 χωλόν
434 2891 513 2982 ήμῖν
529 2897 764 2981 παραδέδωκεν
778 2888 979 2984 Ἥφαιστον,
1002 2896 1060 2964 τδν
1077 2890 1223 2982 έξἫρας
1245 2902 1299 2965 καὶ
1314 2899 1400 2977 Διός

191 2999 383 3083 μυδοόμευον
413 2999 521 3066 παῖδα
543 3037 584 3046 -
613 3003 711 3066 τοῦτο
740 2999 802 3085 γάρ
833 2993 984 3084 άπρεπὲς
1015 2994 1118 3076 όντως
1147 3001 1290 3086 ἱστορεῖν
1320 3005 1399 3085 περὶ

192 3101 311 3166 δεοό-
329 3095 419 3181 ἀλλ’,
443 3099 518 3167 ἐπεὶ
540 3097 560 3187 ή
584 3126 642 3167 του
658 3125 765 3188 πυρος
789 3108 885 3168 ουσια
902 3103 1013 3186 διπλη
1037 3104 1091 3167 καί
1115 3101 1152 3166 τό
1168 3127 1228 3183 reu
1244 3102 1399 3189 ordeolus

192 3193 379 3288 Ιωςδναγχος
395 3202 569 3291 εἰρήκαμεν
592 3226 618 3270 c.
636 3203 725 3282 23)’
711 3207 769 3271 επὶ
791 3207 849 3292 της
873 3198 1033 3268 ἀνωτάτω
1055 3202 1257 3282 coenaveris
1274 3204 1400 3290 αιιόρας

195 3291 306 3368 οὐδὲν
289 3308 448 3391 υοτερυῦν
471 3303 537 3422 ἔχει
559 3304 646 3390 πρὸς
674 3305 875 3432 τελειότητα,
902 3308 959 3371 τοῦ
983 3305 1018 3370 δὲ
1042 3299 1165 3391 παρτ
1158 3301 1227 3389 ςμῖν
1252 3305 1357 3390 πυρός
1381 3305 1397 3428 ή

194 3390 241 3518 {du
268 3407 446 3493 πρόσγειος
479 3429 562 3472 onoc
597 3406 734 3494 φθαρτή
764 3411 820 3473 καὶ
849 3405 905 3473 διὰ
934 3433 992 3494 της
1025 3403 1279 3496 όποτρεφοόσης
1312 3404 1396 3494 παρ’

197 3495 564 3635 ἕκασταζωπυρουμένη,
588 3507 644 3573 δια
667 3513 766 3575 τοῦτο
789 3507 883 3597 τήνι
870 3533 930 3590 μεν
951 3531 1092 3590 συνεχως
1114 3505 1400 3598 όξυτάτηνφλόγα

191 3586 284 3676 Ἡλιόν
304 3636 340 3676 τε
362 3614 419 3677 καὶ
441 3616 511 3676 Δία
527 3634 785 3695 προσαγορευει
809 3609 846 3676 τό
872 3607 903 3674 δ’
937 3609 995 3676 ἐπὶ
1023 3614 1081 3698 γης
1111 3638 1178 3693 πυρ
1198 3604 1399 3700 Ἡφαιστου,

200 3719 372 3743 &-

267 3832 293 3895 ¹¹t
310 3831 424 3899 Quintus
444 3831 605 3900 Smyrnaeus
624 3845 683 3884 sese
702 3830 802 3884 Crateti
827 3829 930 3884 addixit
948 3831 1055 3886 Xlllv.
1070 3836 1131 3886 483:
1157 3833 1286 3904 βῆλον’
1272 3855 1301 3898 ες
1319 3829 1400 3891 οἷστε

130 3940 132 3947 ·
202 3919 283 3970 Ιῡενια
301 3909 441 3988 θυτηριον
459 3909 632 3985 άντέλλησιν

269 3999 297 4064 ¹²)
313 3999 415 4054 Crateti
432 4001 512 4054 istam
525 4000 678 4068 allegoriam
693 4007 865 4068 componenti
844 4001 1072 4055 tlobversabatur
1089 4001 1183 4055 tabula
1200 4002 1232 4055 de
1251 4003 1400 4070 aquilarum

202 4075 246 4136 ptri
202 4083 294 4139 lad
316 4085 479 4141 metiendum
502 4085 595 4139 mundi
619 4086 736 4152 spatium
761 4087 859 4140 emisso
885 4087 1017 4154 delphica.
1053 4085 1095 4139 Ad
1121 4080 1251 4140 Pindari
1257 4082 1344 4155 Pythff
1364 4088 1401 4140 ΙΙΙ

202 4163 374 4238 Ιθχρυοέων
387 4166 456 4235 Διὸς
472 4171 578 4271 αἰητων
596 4166 740 4270 πάρεδρος
751 4171 869 4240 (Pythia)
887 4172 1034 4224 scholiasta
1047 4171 1160 4223 notavit:
1179 4167 1267 4241 λόγος
1285 4193 1326 4237 τις
1344 4194 1401 4229 τοι·

201 4245 265 4316 Οὗτος
279 4263 414 4326 περιηχεῖ,
432 4245 477 4311 ότι
497 4274 513 4355 ρ
531 4251 601 4320 Ζευς
619 4251 653 4310 τδ
671 4258 848 4324 μεσαίτατον
871 4260 921 4326 τῆς
944 4256 1111 4325 οἰκουμένης
1127 4254 1401 4329 καταμετρήσασθαι

200 4332 358 4407 ίῡνληθείς”
343 4357 423 4404 ισους
438 4333 513 4397 κατά
532 4336 566 4395 τδ
586 4335 675 4410 τάχος
687 4335 789 4406 άετους
807 4340 839 4398 ἐκ
857 4337 963 4404 δόσεως
979 4346 1028 4397 καί
1046 4336 1224 4410 άνατολῆς’
1205 4345 1315 4411 αφῆκεν
1332 4338 1401 4400 xri?

237 4418 335 4478 Philolog.
349 4423 548 4478 Untersuchungen
560 4425 612 4468 XII.
1187 4484 1188 4487 Ἰ
1217 4431 1246 4479 12
