3166 5166
421 376 457 429 ΙΙ.
475 375 527 429 DE
546 375 659 430 ARATl
677 375 809 430 coinon
828 376 1072 433 HIPPARCHEO.
1322 379 1363 437 93

128 547 196 610 τῶν
219 544 346 632 ζῳδίων
369 551 569 633 φερομέναν
601 545 659 612 tal
680 544 743 631 γὰρ
767 550 826 612 τοῦ
854 547 983 627 πλάτος
1006 549 1136 631 ’έχοντος
1160 543 1197 615 οὑ
1222 547 1363 617 ὑονατὺν

127 650 228 713 τοῦτο
259 652 463 731 συμβαίνειν.
507 650 562 714 καὶ
593 648 628 725 ἓξ
656 643 766 712 ἄλλων
795 649 831 715 ὑὲ
860 649 1026 715 πλειόνων
1056 651 1200 737 φανερός
1230 647 1360 718 έστινὺ

129 743 270 832 Ἄρατος
306 741 469 829 ἀπλατεῖς
498 749 576 827 τοὺς
611 748 747 827 κύκλους
781 747 1030 835 ὑποτιθέμενος
1067 745 1263 830 ἀκολούθως
1292 761 1364 829 τοῖς

129 855 391 940 μαθηματικοῖς.

217 1007 249 1056 43
268 999 336 1068 τοὺς
353 1020 396 1058 cm
414 1004 507 1073 Lude
524 1008 604 1074 μαθη
622 1007 685 1056 ante
702 1008 914 1074 μαθηματικοῖς
931 1005 1039 1058 iteravit
1056 1004 1088 1058 L.

217 1213 237 1274 2
259 1211 320 1294 lp.
339 1211 446 1275 1781)
470 1213 606 1291 πρῶτον
628 1209 689 1290 μέν
710 1192 767 1272 οὑν
790 1202 962 1290 ὑἌρατος
979 1203 1107 1295 ἆγνοεῑν
1130 1234 1189 1291 μοι
1213 1207 1304 1273 δοκεῖ
1325 1204 1363 1272 τὸ

130 1309 269 1394 έγκλιμα
296 1313 355 1375 τοῦ
382 1309 509 1392 κόσμου
545 1308 688 1392 νομίζων
717 1307 751 1374 έν
780 1323 850 1386 τοῖς
879 1314 955 1393 περὶ
990 1310 1049 1396 τὴν
1076 1306 1215 1377 Ἑλλάδα
1244 1309 1365 1385 τόποις

130 1414 285 1478 τοιοῦτον
309 1407 412 1491 εἶναι,
442 1404 530 1477 ὥστε
552 1410 612 1499 τὴν
640 1417 798 1499 μεγίστην
820 1407 945 1499 ἡμέραν
969 1411 1066 1497 λόγον
1090 1412 1174 1494 ἔχειν
1197 1409 1283 1495 πρὸς
1306 1408 1364 1493 τὴν

130 1511 305 1601 ἐλαχίστην
327 1511 385 1580 τὸν
409 1506 526 1593 αὑτόν,
550 1513 588 1579 ὃν
611 1511 741 1597 ἔχειτὰ
764 1517 865 1578 πέντε
887 1512 973 1598 πρὸς
995 1511 1037 1579 τὰ
1060 1519 1146 1596 τρία.
1192 1515 1279 1598 λέγει
1301 1510 1364 1598 γὰρ

90 1635 106 1682 5
130 1613 190 1682 ἐπὶ
211 1618 272 1681 τοῦ
294 1619 433 1699 θερινοῦ
455 1619 618 1700 τροπικοῦ
641 1621 683 1695 (v.
701 1621 900 1691 497-499r

336 1720 395 1782 τοῦ
417 1723 488 1800 μέν,
512 1717 592 1784 ὅσον
614 1742 651 1782 τε
673 1716 829 1799 μάλιστα,
855 1710 902 1784 δι)
928 1711 1013 1783 ὀκτώ
1037 1720 1271 1804 μετρηθέντος,

336 1823 437 1885 πέντε
459 1820 519 1902 μέν
543 1819 635 1887 ’ένὺια
660 1824 841 1906 στρέφεται
863 1822 918 1885 καὶ
941 1816 1107 1905 ὑπέρτερα
1129 1823 1235 1904 γαίης,

269 1991 279 2000 ,
333 1919 375 1986 τὰ
399 1927 476 2006 τρία
500 1915 531 1986 d'
558 1919 598 1986 έν
614 1921 754 2008 περάτῃ.

217 2067 305 2128 4τὺν
328 2066 419 2129 αὑτόν
441 2073 525 2126 omL
548 2075 557 2140 V
579 2073 693 2144 τρόπον
715 2079 779 2141 post
801 2067 892 2130 αὑτόν
914 2074 967 2129 add
984 2075 1009 2127 V
1031 2076 1040 2141 ΙΙ
1067 2068 1182 2143 έχεινν
1205 2074 1214 2135 ll
1236 2077 1248 2122 i
1274 2069 1363 2124 ἐνδια-

131 2153 288 2228 στρέφεται
305 2157 363 2211 LV.

219 2364 257 2428 V.
274 2368 336 2428 467
359 2366 459 2430 Attali
483 2371 516 2431 et
537 2364 716 2447 Hipparchi
746 2366 945 2447 exemplaria
967 2368 1087 2430 Aratea
1113 2370 1239 2446 praeter
1260 2362 1364 2426 varie-

133 2471 232 2532 tatem
256 2457 303 2529 «d'
331 2458 512 2543 ἀπλατέες»
535 2473 568 2533 et
590 2465 640 2531 «ὑὲ
656 2467 813 2542 πλατέος»
836 2465 916 2531 nihil
933 2466 1084 2534 hahuisse
1106 2472 1204 2548 patet.
1242 2463 1366 2542 Quodsi

133 2559 179 2629 «δ’
207 2557 385 2643 defricatae»
400 2569 556 2636 Marciani
579 2575 686 2635 textus
702 2568 888 2651 scholiaque
905 2568 1051 2651 offerunt,
1077 2569 1159 2635 hanc
1182 2569 1364 2648 discrepan-

132 2669 212 2734 tiam
233 2677 347 2753 pcstea
361 2671 559 2737 succrevisse
576 2691 639 2736 non
662 2677 749 2736 certo
765 2669 896 2752 quidem
911 2689 1023 2736 verum
1039 2671 1249 2754 probabiliter
1264 2667 1365 2749 suspi-

132 2790 252 2837 camur.
305 2769 378 2848 Qua
411 2772 583 2856 repudiata
616 2773 658 2838 ad
688 2771 908 2855 Hipparchum
944 2774 1168 2839 recurrendum
1205 2789 1276 2838 esse
1305 2769 1366 2833 rati

134 2863 328 2947 «ἆπλατέες»
350 2881 468 2958 poetae
490 2894 681 2958 praegresso
704 2874 855 2941 Bekkero
878 2875 1089 2942 vindicamus.

219 2974 257 3038 V.
270 2977 332 3039 498
350 2996 422 3042 cum
437 2976 559 3060 duplici
575 2975 754 3059 Hipparchi
769 2978 953 3042 testimonio
968 2978 1149 3042 Marcianus
1164 2976 1242 3041 facit
1257 2993 1365 3055 supcr-

134 3075 256 3159 scripta
273 3077 402 3161 abipso
418 3078 550 3143 librario
566 3076 627 3144 hac
643 3077 876 3161 discrepantia:
899 3078 1064 3163 γράφεται
1085 3080 1141 3142 καὶ
1156 3071 1365 3156 «ὑπέρτατα».

135 3173 212 3241 Veri
235 3177 410 3262 dissimile,
440 3181 591 3263 quoniam
615 3178 702 3261 qued
726 3200 823 3263 supra
851 3187 968 3246 terram
990 3181 1161 3245 idemnon
1185 3175 1366 3242 necessario

135 3277 200 3344 dici
222 3272 387 3346 ‘sublime’
420 3282 605 3347 merebitur.
656 3282 698 3346 Et
726 3285 883 3347 succurrit
910 3283 1011 3347 textui
1039 3281 1194 3347 Marciani
1223 3276 1366 3342 Achilles

134 3399 165 3463 p.
184 3384 245 3445 148
261 3382 302 3447 Β;
326 3380 356 3445 εἰ
379 3380 415 3445 δέ
436 3405 488 3457 τις
510 3374 610 3447 αὑτὸν
634 3384 802 3466 (tropicum
825 3385 981 3449 aestivum
1003 3384 1167 3459 circulum)
1191 3379 1296 3444 διέλοι
1319 3377 1367 3455 εἰς

133 3474 220 3546 ὑκτιὺ
243 3486 326 3568 μέρη
347 3481 432 3546 κατὰ
454 3480 512 3547 τὸν
534 3475 690 3566 Ἄρατον,
722 3481 817 3548 ἔσται
845 3483 905 3565 μέν
934 3485 1041 3550 αὐτῶν
1070 3489 1171 3549 πέντε
1198 3480 1258 3563 μέν
1280 3476 1366 3563 ὑπέρ

134 3586 202 3670 γῆν,
225 3590 304 3669 τρία
326 3584 362 3649 ὑὲ
384 3578 451 3650 ὑπὸ
475 3587 544 3671 γῆν.
574 3585 658 3670 φησὶ
683 3584 718 3648 ὑὲ
741 3586 820 3668 περὶ
845 3579 944 3650 αὑτοῦ
964 3578 1070 3665 οὑτως
1085 3580 1223 3668 Ἄρατος
1245 3588 1287 3663 (v.
1305 3588 1366 3650 498

135 3690 253 3764 —499)

339 3791 441 3852 πέντε
462 3787 521 3869 μὲν
544 3786 638 3854 ένδια
662 3793 842 3874 στρέφεται
864 3782 946 3853 καθ’
973 3785 1138 3874 ὑπέρτερα
1160 3795 1265 3875 γαίης,

100 3917 115 3965 5
341 3886 384 3953 τὰ
407 3895 485 3973 τρία
507 3882 539 3953 δ’
567 3888 601 3954 ἓν
624 3890 770 3976 περάτῃ·
795 3895 916 3975 θέρεος
939 3890 974 3955 δέ
996 3891 1030 3957 οἱ
1053 3890 1086 3956 έν
1109 3896 1236 3973 τροπαί
1259 3889 1344 3955 εἰσιν

136 3983 206 4055 ἀπὸ
237 3993 303 4055 τῶν
339 3983 426 4057 ὑκτιὺ
455 3994 564 4074 μεριῦν
594 3992 703 4078 ὑηλιῦν
725 3989 768 4056 τὰ
797 3991 898 4058 πέντε
927 3988 1012 4077 ὑπὲρ
1040 3997 1099 4079 γῆν
1129 3993 1229 4075 έχειν,
1258 3991 1301 4058 τὰ
1332 3993 1368 4058 ὑὲ

134 4097 212 4175 τρία
233 4087 300 4158 ὑπὸ
324 4096 395 4180 γῆν.

220 4248 236 4295 4
259 4246 308 4300 καί
331 4244 357 4299 V
374 4248 384 4310 ll
413 4240 480 4300 ὃτὺι
505 4261 549 4299 om
567 4245 592 4298 V
611 4247 620 4312 ΙΙ
642 4242 780 4316 ἐντροπαὶ
799 4247 832 4310 V,
855 4240 999 4316 α’νιροπαὶ
1023 4247 1051 4298 Μ
1074 4249 1084 4314 ΙΙ
1106 4252 1121 4299 d
1145 4250 1236 4318 δηλῶν
1258 4263 1302 4300 om
1321 4247 1369 4316 Vll

136 4323 211 4398 ἔχειν
227 4328 264 4381 L:
285 4324 344 4399 ἔχει
363 4328 395 4384 V.
