3174 5160
420 371 451 425 V.
471 370 521 431 DE
539 369 655 423 ARATI
674 369 833 424 scR1PT1s
851 369 1084 426 DEPERDITIS.
1303 369 1365 433 233

223 542 371 625 Denique
388 543 554 609 Emcsms
581 544 765 626 inserimus,
794 545 814 607 i.
838 564 866 608 e.
892 537 1050 609 ‘earmina
1077 535 1250 626 funebris,
1281 546 1367 611 unde

138 643 220 710 haec
242 650 413 729 supersunt
434 645 582 726 vestigIa.

748 816 761 878 1

224 934 299 993 ΕΙΣ
326 935 480 994 ΜΥΡΙΝ
513 934 610 996 ΤΟΝ
640 933 885 996 ΑΔΕΛΦΟΝ
917 935 1218 997 ΕΠΙΚΗΔΕΙΟΝ
1250 934 1366 999 Achill.

134 1053 168 1115 p.
185 1033 341 1098 55West.

737 1204 770 1269 ΙΙ

223 1323 525 1387 EIIIKHAEION
543 1322 908 1386 KAEOMBPOTOY
927 1322 1017 1388 Suid.
1039 1350 1048 1368 .

729 1509 777 1573 III

223 1630 299 1691 ΕΙΣ
321 1627 616 1693 ΘΕΟΠΡΟΠΟΝ
642 1625 731 1692 Suid.
777 1625 871 1704 Quod
900 1647 1027 1694 carmen
1059 1614 1240 1711 epicedium
1271 1636 1366 1694 vocat

133 1735 301 1797 enarrator
328 1731 420 1796 Arati
452 1749 493 1795 ex
526 1727 651 1796 scholio
679 1729 843 1795 MareIano
872 1729 914 1794 ad
941 1719 1083 1795 ‘Phaen.'
1117 1750 1147 1794 v.
1164 1733 1302 1812 257sqq.
1332 1738 1365 1795 et

132 1830 259 1897 Veneto
274 1831 304 1895 A
326 1833 368 1899 ad
389 1824 447 1897 ‘II'
467 1831 576 1897 XVIII
592 1852 621 1895 v.
636 1832 697 1894 486
712 1853 733 1895 κ
747 1832 840 1896 nobis
855 1831 994 1923 refectus
1009 1832 1041 1895 in
1055 1824 1232 1896 ςΑυιιίοολίε
1250 1832 1364 1898 Erato·

131 1925 302 1999 sthsnicr's’
327 1955 359 2018 p.
375 1937 432 1998 49:

221 2031 413 2119 ἑπτάποροι
436 2031 475 2122 δή
497 2037 614 2115 ταίγε
635 2033 789 2109 (Pliades)
813 2025 887 2112 μετ’
916 2025 1120 2120 ἀνθρώπους
1129 2037 1160 2108 ¹²)
1185 2028 1348 2113 ὑδέονται,

222 2134 258 2213 ἓξ
281 2131 353 2202 οἷαί
375 2160 439 2220 περ
463 2134 579 2200 ἐοῦσαι
601 2131 748 2216 ἐπόψιαι
771 2127 1015 2218 ὀφθαλμοῖσιν.

220 2230 259 2303 οδ
281 2243 342 2320 μέν
364 2262 440 2315 πως
462 2229 637 2302 ἀπόλωλεν
662 2228 817 2322 ἀπευθής
841 2234 875 2300 ἐκ
896 2236 982 2315 Διὸς
1006 2233 1120 2324 ἀστήρ,

221 2336 258 2415 ἐξ
278 2333 317 2404 οὗ
338 2342 393 2405 καὶ
415 2341 573 2426 γενεῆθεν
597 2330 768 2420 ἀκούομεν,
792 2331 876 2402 ἀλλὰ
899 2332 981 2419 μάλ)
1009 2331 1117 2413 αδτιος

222 2441 358 2524 ε’ίρεται.
403 2438 490 2506 ἑπτὰ
514 2434 545 2504 δ’
573 2437 694 2505 ἐκεῖναι
717 2437 898 2525 ἐπιρρήδην
920 2440 1105 2505 καλέονται.

303 2561 420 2611 senos.
444 2545 551 2608 Ακιν.
954 2560 1072 2611 sonos.
1096 2543 1184 2610 Horr.

775 2663 841 2725 τιῦν
872 2660 908 2725 δὲ
930 2661 1109 2727 Πλειάδων
1139 2656 1247 2729 οὐσῶν
1276 2660 1362 2729 ἑπτὰ

776 2761 864 2826 πάνυ
888 2756 1037 2847 ἀμαυρδς
1059 2759 1076 2830 δ
1102 2763 1243 2847 ἕβδομος
1259 2758 1363 2852 ἀστήρ

776 2860 882 2943 ἐστιν,
917 2860 963 2941 ὥς
995 2865 1055 2947 μὲν
1077 2860 1221 2948 ’Ἄρατος
1255 2865 1288 2932 ἐν
1317 2870 1364 2951 τη]

135 2972 149 3031 1
176 2967 276 3033 τοῦτο
300 2969 342 3044 (v.
359 2971 434 3039 259)
461 2964 547 3048 πρὸς
574 2964 653 3042 τοὺς
675 2963 722 3030 εἰ·
775 2970 851 3031 ΕΙΣ
916 2969 1210 3033 ΘΕΟΠΡΟΠΟΝ
1266 2973 1364 3033 ΕΠΙ-

132 3065 265 3144 πόντας
276 3059 336 3146 (ὦν
352 3067 424 3134 ἐστι
438 3071 493 3134 καὶ
509 3062 610 3145 αὐτὸς
625 3066 659 3132 έν
675 3071 723 3153 τῷ
775 3071 1077 3155 ΚΗΔΕΙΩΙφησί,
1090 3067 1228 3153 (διὰτὸ)
1241 3076 1363 3151 Τροίας

133 3172 211 3235 ΕΙΣ
233 3171 529 3237 ΘΕΟΠΡΟΠΟΝ
546 3169 723 3258 ποιήματι)
775 3175 1012 3258 πορθουμένης
1069 3172 1128 3256 τήν
1183 3172 1361 3254 Δαρδάνου

132 3269 193 3359 τήν
222 3264 401 3356 Ἠλέκτραν
440 3285 556 3359 φυγεῖν
589 3275 643 3337 καὶ
677 3270 722 3356 μή
773 3264 951 3358 Ἠλέκτραν
966 3282 1046 3353 μίαν
1063 3260 1165 3338 οὖσαν
1179 3276 1247 3338 τῶν
1258 3276 1362 3338 Πλει-

98 3394 112 3441 5
133 3369 318 3457 ὑπομεῖναι
334 3373 418 3440 ι’δεῑν
432 3373 491 3462 τήν
508 3369 612 3440 Ἴλιον
629 3370 724 3440 ἀλισ-
777 3373 867 3438 α’διον
881 3389 996 3461 φυγεῖν
1008 3399 1044 3440 τε
1058 3373 1194 3460 τὴντῶν
1207 3368 1363 3461 ἀδελφῶν

132 3481 273 3562 κομένην
284 3478 341 3542 καὶ
352 3474 431 3553 τοὺς
442 3475 593 3560 ἐκγόνους
605 3475 724 3541 δυστυ-
777 3475 916 3541 σύνοδον
943 3481 1000 3544 καὶ
1030 3475 1090 3554 τὰς
1123 3475 1229 3559 κόμας
1262 3472 1362 3543 λύσα-

130 3581 282 3659 χοῦντας.
292 3575 421 3663 τδνηάρ
429 3576 607 3663 Δάρδανον
615 3579 724 3644 παῖδα
776 3601 838 3644 σαν
855 3577 962 3645 ἐνίοτε
978 3578 1122 3668 κομήτην
1142 3573 1266 3661 ἀστέρα
1282 3587 1363 3666 φαλ-

133 3677 219 3756 Διδς
240 3680 298 3745 καὶ
318 3672 494 3763 Ἠλέκτρας
517 3678 696 3764 εἰρήκασιν.
778 3688 901 3748 νεσθαι
923 3675 998 3746 κτλ.’

221 3818 233 3868 1
254 3815 296 3879 εἰς
318 3813 430 3884 scrIpsi:
459 3833 534 3884 προς
556 3813 677 3870 Venetus
698 3818 708 3884 ΙΙ
731 3822 746 3870 3
764 3807 938 3888 θεάπροιιον
960 3815 1081 3871 Venetus
1106 3823 1133 3869 et
1156 3816 1267 3870 Suidas:
1295 3815 1362 3873 θεό-

135 3935 251 3988 πρυμον
271 3915 431 3969 Mareianus
452 3917 462 3983 ΙΙ
483 3921 617 3987 4φυγεῖυ
640 3919 777 3972 Venetust
803 3914 919 3989 φεύγειν
942 3919 1098 3972 Μετοίοαυε
1120 3923 1129 3983 u
1151 3923 1165 3972 8
1190 3905 1271 3992 εἰρήά
1288 3920 1362 3974 Mar·

57 4064 66 4071 ⁵
135 4001 237 4067 cianus,
256 3999 329 4068 quod
346 4015 406 4055 esse
423 4005 515 4069 potest
531 4007 559 4054 et
575 3994 729 4073 εἰρήκαμεν
747 4010 775 4056 et
793 4000 946 4075 εἰρήκασιν.

225 4157 255 4220 ¹²)
271 4148 339 4222 μετ’
365 4147 541 4227 ἀνθρώπους
563 4155 721 4209 Marcianus
750 4171 811 4209 cum
837 4155 963 4210 scholiis:
991 4151 1057 4225 μετ)
1084 4150 1266 4228 ἀνθρώποισι
1288 4157 1362 4210 Pari·

137 4240 213 4293 siuns
231 4242 265 4294 A.
302 4238 452 4308 Utrumque
468 4240 498 4292 in
517 4242 601 4294 Arato
619 4241 767 4306 serendum,
785 4241 852 4294 illud
870 4241 962 4308 utique
980 4241 1130 4295 Homericis
1149 4242 1278 4309 exemplis
1297 4257 1361 4295 con·

136 4321 268 4377 firmatur.
298 4323 339 4377 Cf.
359 4322 390 4377 T.
404 4324 554 4378 Mommsen
567 4319 706 4392 ‘Beitrsge
724 4343 757 4379 zu
770 4326 821 4380 den
833 4327 934 4393 ngech.
948 4318 1169 4393 Prspositionen'
1184 4328 1249 4381 1886
1261 4343 1288 4394 p,
1305 4331 1361 4380 191.
