3174 5160
139 356 204 410 VH.
224 355 367 410 EUDOXI
386 354 502 408 ONIDII
520 355 752 410 FRAGMENTA
770 355 822 409 EX
840 355 1049 411 HIPPAReHo
1068 358 1270 414 CONLEOTA.
1312 359 1374 419 283

141 530 406 593 ΕΝΟΠΤΡΟΝ
434 530 588 612 inscripta
610 530 630 593 i.
651 549 678 594 e.
702 529 893 612 Speculum,
928 549 992 612 qua
1020 551 1078 596 uos
1107 539 1139 596 et
1167 534 1228 616 ipsi
1258 535 1375 600 utimur

140 633 326 713 imagiue‘h,
349 633 451 697 altera
469 632 780 712 ΦΑΙΝΟΜΕΝΑ,
801 651 883 713 quae
900 652 964 696 vox
980 633 1012 695 in
1031 634 1213 699 universum
1230 637 1317 701 valet
1333 637 1374 702 de

141 733 293 799 omnibus
315 734 398 799 caeli
414 733 624 816 adparentiia.
662 732 873 798 Confirmatur
889 733 1069 817 Hipparchi
1091 736 1123 798 in
1148 735 1209 800 hac
1230 756 1264 801 re
1287 740 1373 802 testi·
1462 730 1464 735 ’

140 835 287 900 Πισαίου]
317 836 357 901 iie
391 836 529 918 eclogia,
564 855 647 917 quae
678 833 793 900 eadem
827 837 987 917 utrimque
1020 844 1173 920 excerpta
1202 839 1374 921 continent,

139 937 234 1002 velut
260 937 318 1001 Ill.
363 936 492 1002 Eudoxi
518 937 819 1000 ΦΑΙΝΟΜΕΝΑ
842 938 959 1002 Aratus
989 940 1155 1020 usurpavit
1179 939 1375 1022 Hipparcho,

141 1040 199 1122 qui
222 1058 303 1105 unus
326 1040 599 1122 comparationem
623 1039 775 1120 instituit,
800 1039 907 1105 iudice
930 1039 1158 1122 gravissimo.⁶)
1191 1041 1276 1105 Hinc
1299 1061 1375 1107 con—

140 1147 207 1206 stat
231 1141 327 1206 etiam
350 1140 391 1206 de
415 1140 528 1207 harum
552 1142 735 1223 eclogarum
759 1141 899 1206 ratione:

740 1326 771 1391 ΙΙ

230 1448 263 1513 ΙΙ
283 1468 315 1532 p.
333 1447 440 1511 meh
464 1443 671 1530 Hipparchus
694 1444 735 1512 de
759 1449 881 1513 oriente
897 1448 1037 1513 Piscium
1059 1449 1149 1514 initio
1172 1449 1283 1516 dicens
1306 1444 1376 1513 ὁὸὲ

141 1549 375 1626 ΕΥΔΟΞΟΣ,
399 1549 513 1632 inquit,
537 1545 571 1612 ἐν
593 1547 653 1629 μὲν
674 1551 723 1632 τῴ
746 1547 794 1613 ἑνὶ
818 1546 1022 1634 συντάγματι
1045 1542 1085 1632 (ᾦ
1101 1546 1140 1635 δι’]
1164 1552 1219 1614 καὶ
1243 1545 1376 1636 tiroa-

140 1675 200 1728 τος
222 1650 469 1716 κατακολουθεῖ
491 1671 521 1715 v.
538 1655 610 1733 707,
634 1652 654 1717 i.
671 1672 689 1717 e
705 1652 966 1730 Pflhuuomums)
986 1652 1041 1715 καὶ
1064 1653 1123 1715 τοῦ
1138 1657 1296 1735 Περσέως
1317 1651 1377 1740 τὴν

142 1751 258 1830 δεξιάν
279 1750 374 1835 χεῖρά
398 1774 502 1838 φησιν
525 1743 727 1831 άνατέλλειν,
751 1750 784 1818 ἓν
807 1752 843 1817 δὲ
857 1756 905 1837 τῴ
922 1757 986 1817 EN
990 1754 1167 1818 ΟΠΤΡΩΙ
1181 1745 1259 1820 ὅλον
1276 1748 1377 1821 αὐτὸν

102 1871 116 1916 5
143 1851 418 1933 άνατεταλκέναι,
443 1851 531 1937 πλὴν
553 1856 671 1936 μικροῦ
693 1878 799 1934 τινος,
827 1858 887 1920 τοῦ
911 1855 947 1919 δὲ
962 1846 1081 1939 (Ὑδρου
1110 1853 1148 1920 τὸ
1172 1862 1268 1939 μέχρι
1290 1856 1377 1943 πρὸς

142 1955 203 2023 τὸν
218 1956 357 2039 Κόρακα
374 1954 493 2021 δύνειν.
532 1955 624 2021 δοκεῖ
637 1955 674 2020 δέ
687 1981 746 2038 μοι
769 1953 786 2021 ὁ
804 1958 1024 2028 ΕΥΔΟΞΟΣ
1044 1960 1123 2044 περὶ
1145 1961 1204 2023 τοτ’·
1219 1965 1377 2043 Περσέως

141 2059 227 2125 κατά
244 2061 344 2124 τοῦτο
359 2055 464 2139 μόνον
480 2055 664 2143 διαφωνεῖν
679 2055 766 2141 πρὸς
781 2056 820 2124 τὸ
837 2056 1051 2146 φαινόμενον,
1074 2052 1156 2124 καθ’
1176 2059 1257 2126 ὅσον
1274 2065 1376 2148 φησὶν

142 2155 248 2226 αὐτοῦ
281 2159 386 2242 μόνον
419 2155 480 2243 τὴν
513 2157 625 2235 δεξιάν
657 2173 752 2245 χεῖρα
781 2161 1034 2226 συνανατέλλειν
1064 2164 1112 2245 τῷ
1132 2157 1293 2248 Ὑδροχόφ

141 2265 276 2346 μέλτιον
300 2247 358 2327 οὖν
380 2256 397 2326 ὁ
417 2262 635 2331 ΕΥΔΟΞΟΣ
654 2267 763 2346 (quam
779 2264 906 2348 Aratus,
931 2265 987 2346 qui
1003 2285 1098 2348 porro
1115 2272 1214 2331 totum
1232 2266 1378 2349 Hydrum

91 2382 119 2430 ro
143 2389 217 2435 cum
239 2367 384 2448 Aquario
408 2364 556 2430 occidere
580 2364 669 2442 dicit)
699 2357 929 2450 ἀποφαίνεται
958 2366 1061 2449 λέγων
1090 2368 1149 2430 τοῦ
1170 2357 1289 2449 ‘'Ytlpoo
1319 2365 1378 2454 τὴν

143 2462 247 2553 οὐράν
271 2464 321 2532 ’ἑτι
343 2460 609 2531 ὑπολείπεσθαι.

232 2625 247 2673 5
265 2613 339 2688 πλὴν
357 2618 394 2671 V:
414 2613 492 2689 παρά
512 2616 535 2669 L
557 2618 566 2684 ΙΙ
588 2621 602 2672 8
621 2611 709 2688 αὐτὴν
726 2616 786 2671 LV:
808 2618 912 2672 correxi
935 2618 945 2686 ΙΙ
965 2613 1088 2692 ὓδριχόῳ
1106 2618 1138 2672 L.

737 2807 786 2872 ΙΙΙ

230 2930 247 2994 Ι
269 2949 301 3012 p.
321 2928 427 2993 1871)
451 2927 555 2991 πάλιν
579 2925 614 2989 δὲ
637 2923 731 3008 παρὰ
754 2927 803 3008 τῷ
819 2926 1028 2991 ΕΥΔΟΞΩΙ
1042 2923 1289 3014 ἀναστρέφεται
1306 2927 1377 3013 διη-

144 3033 364 3115 μαρτημένως
393 3029 554 3113 περὶτῆς
576 3027 722 3112 κεφαλῆς
744 3028 804 3112 τῆς
826 3024 970 3112 μεγάλης
1003 3021 1156 3109 Ἄρκτου,
1187 3027 1220 3095 ἓν
1247 3029 1307 3110 μὲν
1329 3032 1378 3114 τῷ

145 3131 194 3198 ἑνὶ
230 3130 452 3215 συντάγματι,
493 3126 512 3194 ὃ
547 3126 770 3213 ἐπιγράφεται
805 3130 1121 3211 ΟΑΙΝΟΜΕΝΑ,
1160 3128 1219 3196 τὸν
1252 3129 1378 3215 τρόπον

145 3250 282 3300 τουτον·

237 3391 248 3438 1
269 3378 482 3456 άναστρέφεται
501 3387 542 3436 eet
556 3375 611 3435 ‘res
629 3371 783 3434 invertitur'
806 3381 815 3443 ll
836 3383 851 3431 3
872 3374 889 3436 δ’
907 3379 944 3433 L:
964 3369 987 3454 ᾧ
1004 3379 1037 3434 V.

234 3557 254 3615 Δ)
268 3547 536 3618 ‘Sachsenspz'egel'.
573 3550 700 3605 Similiter
729 3548 859 3602 Heracliti
878 3542 963 3618 ‘Heni
987 3545 1115 3620 φάσεως’
1138 3551 1206 3605 liber
1229 3569 1241 3603 a
1260 3551 1377 3608 Diodoto

148 3641 297 3707 interprete
313 3639 462 3706 inscriptus
481 3642 553 3691 erut:
573 3630 690 3709 ἀκριβὲς
709 3631 845 3703 οἰάκισμα
863 3630 939 3706 πρὸς
959 3628 1093 3702 σταθμὸν
1110 3635 1178 3706 βίον
1195 3634 1272 3702 Diog.
1286 3635 1377 3691 Lcert.

243 3729 267 3778 Ἰ.

147 3724 185 3777 IX
207 3728 255 3875 ¹'lt
272 3808 343 3862 hliro
368 3822 459 3860 errore
483 3808 577 3875 lapsus
601 3810 644 3860 est
667 3806 829 3859 Letrounius
843 3799 910 3858 ‘Sur
934 3805 972 3856 les
997 3799 1080 3855 e‘critu
1104 3807 1132 3854 et
1154 3801 1192 3854 les
1215 3806 1332 3854 travaux
1349 3797 1379 3856 (λ’

148 3894 266 3948 Eudoxo
284 3893 318 3947 de
337 3884 433 3947 Cnide'
451 3885 605 3955 l‘Oeuvres'
624 3892 650 3944 ll
668 3909 694 3959 p.
707 3896 744 3956 bl:
763 3895 881 3952 Aratus,
906 3894 956 3957 qui
978 3892 1075 3939 n’ltait
1095 3890 1176 3951 point
1198 3889 1380 3948 observamur,

149 3983 258 4030 n'avait
273 3980 338 4047 fait
362 3997 415 4045 que
441 3982 568 4028 traduire
592 3996 624 4026 en
649 3996 711 4026 vers
734 3982 793 4027 l’un
816 3986 842 4026 et
864 3982 967 4026 l'autre
994 3988 1134 4036 ouvrages
1155 3969 1329 4032 (Euomeret
1354 3974 1383 4023 et

149 4064 375 4128 ΡΗΑΕΝΟΜΗΝΔ),
390 4066 625 4128 prz‘ncz'jlalement
643 4067 668 4111 le
680 4066 786 4112 second.
816 4060 992 4129 Hipparchus
1007 4056 1080 4111 'dixit
1092 4055 1184 4118 alitem
1203 4067 1290 4119 neque
1307 4053 1381 4121 quic·

149 4149 275 4216 quanin
294 4162 370 4202 suam
388 4149 550 4201 sententiam
573 4148 665 4200 attulit
682 4145 860 4212 Letronnius‚
885 4145 938 4198 etsi
955 4160 982 4212 p.
1000 4149 1029 4197 13
1048 4139 1165 4194 iteravit.
1202 4137 1244 4190 Ne
1262 4136 1382 4204 Scaliger

148 4233 256 4301 quidem
276 4233 321 4295 (ed
339 4232 480 4286 Manilium
499 4248 526 4299 p.
541 4236 583 4295 cl)
606 4231 705 4284 tulerat
729 4235 803 4284 recte
820 4230 996 4283 sententiam:
1023 4222 1190 4293 Φαινόμενα
1209 4226 1294 4273 Arati
1309 4224 1386 4271 nihii

147 4324 231 4372 aliud
247 4327 319 4380 sunt,
340 4336 423 4385 quam
440 4325 491 4368 aut
509 4308 675 4384 Φαινόμενα
693 4323 745 4366 aut
758 4311 918 4384 Ἕνοιιτρον
936 4318 1057 4365 Eudoxi.
