3174 5160
708 351 859 403 ARATEA

324 509 405 604 ούρα
429 523 465 588 δὲ
488 527 709 609 φοινίσσοντα
732 520 963 605 παρέδραμεν·
988 520 1029 584 αἱ
1053 513 1085 584 δ’
1113 517 1185 586 ἐπὶ
1207 524 1349 604 γυίοις

324 618 497 690 ιδτειλαὶ
521 623 745 712 ῥήγνυνται
770 620 985 707 ἐπειγόμεναι
1005 620 1105 704 χροός
1128 616 1201 708 άτῃ.

199 743 208 754 ”
322 726 367 813 μή
392 731 476 791 ποτέ
498 750 552 791 τοι
573 718 688 812 θήλεά
716 724 892 809 αἱμορροῒς
915 722 967 790 ι’δν
990 722 1093 810 ἐνείη·

324 831 383 911 τής
404 826 466 912 γὰρ
489 821 696 913 δδαξαμένιγς
717 824 759 891 τὰ
782 827 843 908 μὲν
866 819 980 908 άθρόα
1002 831 1200 910 πίμπραται
1223 812 1306 891 σύλα

325 928 472 1015 ῥιζόθεν,
497 927 532 1006 ἒξ
553 923 677 1011 ὀνύχων
701 928 737 993 δὲ
759 933 949 1010 κατείβεται
973 920 1112 1011 ἀσταγὲς
1136 927 1229 1009 αίμα.

324 1034 357 1098 οἳ
379 1031 416 1096 δὲ
439 1025 533 1117 φόνῳ
556 1030 733 1112 μυδόεντες
756 1023 997 1095 άναπλείουσιν
1020 1022 1155 1106 ὀδόντες

171 1135 346 1203 scholiasta
368 1134 410 1200 ad
433 1155 465 1199 v.
482 1136 543 1197 303
573 1134 742 1198 adnotavit
764 1132 799 1196 ci
823 1125 854 1196 δ’
881 1127 947 1197 ὑπὸ
972 1127 1091 1217 γυίοις]
1116 1132 1150 1197 αἱ
1174 1131 1210 1197 δὲ
1238 1126 1307 1197 irco
1331 1143 1404 1207 τοῖς

170 1237 302 1312 μέλεσιν
319 1229 456 1300 ὠτειλαί
472 1234 663 1322 ῥήγνυνται·
688 1230 764 1300 είπε
785 1232 858 1318 γάρ,
881 1225 935 1298 ότι
957 1226 1034 1298 iiior
1056 1231 1093 1298 τό
1112 1236 1209 1316 σῶμα
1225 1232 1404 1298 πελιδνοῦ-

170 1364 226 1404 ται
249 1340 304 1403 καὶ
333 1331 478 1403 ώτειλιῦν
507 1337 702 1422 πληροῦται.
749 1328 885 1401 ὠτειλαί
915 1336 951 1401 δὲ
975 1335 1010 1399 αἱ
1040 1336 1167 1421 πλήγαί
1196 1333 1291 1400 εἰσιν.
1335 1337 1404 1401 καὶ

171 1434 454 1530 Ἀπολλώνιος
477 1439 639 1525 δέφήσι
661 1439 994 1524 τωνπληγέντων
1017 1432 1097 1502 ύπδ
1123 1437 1406 1522 αἱμορροΐδας

171 1541 409 1630 ῥήγνυσθαι
431 1542 500 1606 καὶ
524 1538 596 1615 τάς
619 1533 808 1615 ὠτειλάς.
846 1541 959 1623 Itaque
982 1540 1067 1606 idem
1092 1542 1207 1607 iisdem
1232 1544 1340 1609 verbis
1364 1544 1406 1609 de

171 1666 206 1713 ro
234 1646 349 1712 cadem
378 1644 542 1710 Nicander
570 1645 699 1727 scripsit
729 1664 824 1726 quam
854 1645 909 1708 illc
940 1644 1085 1726 quisquis
1113 1645 1174 1710 fuit
1201 1646 1427 1728 Apollonius.⁴

171 1743 397 1830 Apolloniam
418 1742 604 1807 scholiasta
619 1741 802 1807 Nicandri
819 1741 932 1805 olium
955 1764 1025 1806 ποιι
1041 1742 1201 1807 ποικιλταί
1222 1744 1299 1808 nisi
1317 1767 1406 1821 curn,

172 1845 239 1931 qai
262 1849 366 1929 Περὶ
393 1849 582 1930 βοτανῶν
616 1844 758 1930 scripsit
792 1846 859 1924 (od
881 1840 1157 1908 ‘Therioccruor'
1190 1869 1219 1910 υ.
1237 1868 1315 1928 559,
1350 1852 1407 1916 nbi

173 1951 303 2018 codices
332 1950 429 2016 modo
458 1942 628 2024 Ἀπολλᾶς
657 1951 754 2015 modo
781 1943 1033 2024 Ἀπολλώνιος).
1085 1949 1211 2032 Itaque
1239 1949 1408 2034 quoniam

172 2049 357 2136 Apollonii
376 2056 410 2113 εί
429 2049 637 2134 Apollodori
655 2048 798 2112 nomcrco
825 2047 965 2134 socpius
989 2047 1225 2114 i'rzvcrciunlur
1246 2051 1407 2135 confuso,

173 2157 293 2216 exorto
316 2150 409 2215 mclii
432 2149 582 2242 suspicio
612 2157 663 2215 cst
684 2149 904 2214 sclcolicslorn
933 2153 1001 2216 καὶ
1024 2145 1342 2238 Ἀπολλόδωρος
1366 2155 1408 2219 δέ

174 2277 277 2342 φησι
300 2252 488 2338 scripsisse.
526 2256 714 2322 Conlabitur
729 2256 988 2338 suspiciunculac
1004 2255 1262 2322 fundamentum:
1287 2257 1409 2324 Rhodii

173 2359 339 2442 Apollonii
356 2359 561 2441 carminibus,
585 2360 617 2422 in
633 2358 749 2440 quibus
765 2357 842 2421 data
857 2358 1026 2422 occasione
1042 2359 1138 2422 ctiam
1163 2358 1204 2424 dc
1219 2360 1409 2425 animalium

174 2460 373 2543 quorundam
389 2461 640 2543 proprietatibus
664 2461 845 2543 expositum
868 2459 937 2538 fuit,
954 2457 1129 2524 scholiasta
1143 2479 1272 2543 quoquc
1287 2461 1408 2526 Nican-

175 2562 270 2628 dreus
292 2563 407 2642 utitur,
438 2563 527 2627 velut
554 2562 596 2627 ad
617 2552 735 2627 ‘'l'hcr.>
763 2581 792 2624 v.
811 2565 866 2624 11:
896 2561 975 2642 περὶ
997 2562 1076 2642 γοῦν
1098 2563 1157 2647 τῆς
1179 2563 1246 2625 των
1269 2560 1409 2626 δακνόν·

174 2688 241 2727 των
271 2666 402 2749 θήρίων
430 2666 606 2746 γενέσεως,
638 2652 692 2726 ότι
722 2659 811 2724 ἐστὶν
839 2658 874 2725 ia
901 2663 966 2725 τῶν
993 2660 1144 2726 Τιτάνων
1172 2665 1232 2727 τού
1255 2663 1409 2746 αἵματος,

176 2761 269 2851 παρὰ
291 2763 351 2845 μὲν
379 2766 427 2847 τῴ
446 2757 593 2849 Ἡσιόδῳ
622 2757 679 2828 ούκ
709 2761 799 2828 έστιν
830 2758 936 2847 εόρεῖν
960 2813 993 2827 ..
1016 2757 1301 2840 Ἀπολλώνιος
1323 2761 1408 2830 δδό

171 2860 325 2942 Ῥόδιος
348 2863 382 2930 ἐν
410 2868 452 2952 τῇ
473 2868 532 2951 τής
554 2858 805 2951 Ἀλεξανδρείας
831 2870 937 2929 κτίσει
967 2857 1035 2930 άπὸ
1065 2868 1132 2930 τῶν
1155 2866 1326 2951 σταγόνων
1349 2869 1410 2933 τοῦ

174 2972 233 3054 τής
256 2967 420 3056 Γοργόνος
437 2967 579 3050 αἵματος
602 2970 697 3054 (φήσὶ
713 2966 827 3032 πάντα
849 2965 891 3031 τὰ
908 2965 1069 3032 δάκνοντα
1084 2969 1270 3052 γενέσθαι).
1308 2970 1409 3035 Dum·

176 3072 272 3139 modo
296 3075 385 3138 locus
408 3077 441 3137 ct
462 3071 599 3137 facultas
621 3071 662 3136 dc
680 3069 896 3157 αἱμορροΐδας
919 3091 1026 3137 morsu
1042 3070 1204 3136 scribendi
1226 3070 1346 3137 idonea
1369 3093 1411 3137 cx

175 3177 285 3258 aliquo
300 3173 465 3260 Apollonii
481 3174 622 3239 carmine
637 3174 830 3258 proferatur,
852 3173 998 3238 Rhodius
1015 3173 1206 3257 Apollonius
1222 3173 1410 3240 retinendus

178 3285 226 3343 est
248 3279 334 3343 omui
349 3275 494 3342 mutandi
516 3276 615 3341 misso
638 3277 815 3341 conamine.
854 3277 940 3358 Ergo
962 3276 1127 3358 proximos
1147 3267 1406 3341 ‘Theriaccrum'

177 3398 289 3444 versus
313 3398 384 3443 cum
405 3378 471 3443 alio
495 3377 635 3459 quodam
652 3377 837 3442 testimonio
860 3379 970 3461 paullo
993 3377 1121 3459 longius
1137 3377 1261 3443 adscito
1285 3378 1410 3444 iunctos

176 3480 351 3547 subicimus
374 3481 557 3544 acc-319:

176 3695 220 3745 310
330 3680 507 3767 Αἰνελένή,
530 3672 586 3745 ὅτε
609 3682 671 3768 νῆα
694 3679 940 3764 πολύστροιβον
963 3681 1056 3766 παρὰ
1080 3683 1203 3747 Νεῖλον

333 3781 475 3869 ἔστησαν
496 3787 619 3868 βορέαο
642 3781 742 3870 κακήν
764 3781 994 3869 προφυγόντες
1017 3777 1169 3871 ὁμοκλήν,

332 3869 417 3973 ήμος
440 3877 661 3968 ἀποψύχοντα
683 3887 908 3973 κυβερνήτήρα
930 3887 1092 3970 Κάνωβον

336 3985 466 4064 Θώνιος
489 3985 522 4052 έν
546 3985 729 4071 ψαμάθοις
752 3980 940 4075 άθρήσατο.
985 3987 1073 4072 τύψε
1093 3986 1156 4073 γὰρ
1181 3981 1256 4075 εὐνῇ

335 4081 443 4169 αὐχέν’
472 4082 739 4175 άποθλιιγθεῖσα
761 4092 817 4155 καὶ
841 4088 874 4154 ἓν
895 4087 1000 4175 βαρύν
1022 4085 1139 4178 ἤρυγεν
1162 4089 1214 4156 ἰόν

333 4191 488 4276 αἱμοροῒς
510 4184 643 4279 θήλεια,
667 4188 766 4256 κακόν
790 4191 826 4256 δέ
849 4192 881 4257 οἱ
905 4190 1000 4278 έχραε
1022 4205 1143 4257 κοῖτον.

333 4296 381 4377 τῴ
405 4286 435 4356 δ’
459 4287 566 4379 Ἑλένη
595 4297 698 4375 μέσον
727 4289 825 4357 όλκδν
848 4291 1025 4372 ένέθλασε,
1049 4296 1181 4377 θραύσε
1204 4286 1235 4357 δ’
1263 4287 1412 4380 ἀκάνθης
