3174 5160
456 370 492 426 Il.
510 369 562 424 DE
580 369 695 425 narrt
713 369 846 426 CODIGE
864 371 1106 427 nrrrnacfflac.
1347 370 1408 430 103

260 543 297 608 V.
315 545 378 608 506
401 543 497 610 modo
520 540 683 630 «ἐλαφροῦ
702 542 921 631 Τοξεοτηρος»
936 545 1034 612 modo
1057 537 1211 626 «ἀγαυοῦ»
1230 545 1409 630 Hipparchi

173 646 317 729 codices,
341 665 412 712 cum
429 647 565 711 alterum
582 653 686 711 utrum
703 665 760 712 suo
783 648 817 712 in
833 649 1011 730 exemplari
1026 656 1241 716 astronomum
1258 647 1409 715 habuisse

171 768 308 815 necesse
332 748 383 814 sit.
427 749 510 814 Nam
533 768 610 815 usus
633 747 786 813 adiectiri
812 745 957 834 ἐλαφρός
980 752 1083 818 stellis
1106 750 1329 832 sideribusque
1351 750 1406 816 ad-

170 851 272 935 positi
294 851 322 915 is
346 859 412 932 est,
434 859 470 916 ut
490 851 596 915 levem
620 856 652 916 et
674 850 846 933 splendore
869 860 1036 920 vacantem
1059 853 1232 936 significet,
1256 853 1344 918 velut
1366 855 1404 916 81

171 943 251 1017 ἄλλ’
278 949 388 1038 ἐμπης
410 943 560 1016 κόικεῖναι
583 948 747 1034 ἐπόψιαι·
778 943 900 1037 οὐγὰρ
925 950 1085 1040 ἐλαφραί,
1112 957 1228 1037 335sq.
1253 951 1285 1016 οἱ
1308 950 1344 1016 δὲ
1368 949 1406 1040 δὴ

172 1047 289 1132 ἄλλοι,
321 1046 400 1140 σῆμ’
427 1051 542 1135 ἐ’μεναι
566 1050 740 1135 μελέεσσιν
769 1054 905 1133 (Oanis),
943 1053 1163 1143 ἐλαφρότεροι
1191 1058 1406 1138 περίκεινται,

171 1178 203 1222 v.
222 1158 284 1220 518
315 1150 365 1220 ἐνί
393 1155 425 1220 οἱ
455 1155 509 1219 καλ
543 1153 688 1242 ἐλαφρός
718 1154 867 1242 Κρητήρ,
899 1160 919 1222 i.
944 1179 972 1225 e.
1000 1159 1163 1247 obscurus.
1208 1159 1308 1224 Poste
1336 1157 1406 1224 fieri

171 1278 339 1342 negamus,
363 1260 452 1324 utin
475 1258 589 1325 eodem
613 1259 754 1325 carmine
770 1258 962 1343 Sagittarius
985 1260 1081 1326 modo
1105 1259 1293 1343 splendidus
1315 1279 1404 1343 prae-

173 1362 300 1427 dicetur
314 1360 411 1426 modo
424 1360 587 1444 obscurus,
604 1369 636 1427 et
651 1361 786 1427 alterum
801 1368 905 1427 utrum
930 1381 968 1427 eo
984 1362 1091 1429 studio
1107 1370 1139 1428 et
1154 1361 1288 1428 oonsilio
1310 1361 1405 1427 inter-

171 1464 317 1546 polatum
335 1462 481 1545 dicimus,
505 1482 568 1545 quo
584 1469 704 1528 novata
719 1464 819 1529 multa
841 1483 911 1530 esse
935 1464 968 1529 in
984 1465 1081 1530 Arato
1105 1466 1168 1530 iam
1183 1468 1310 1529 veteres
1332 1484 1404 1530 con-

174 1566 280 1649 questi
305 1572 387 1646 sunt,
411 1570 507 1647 poeta
529 1571 563 1628 at
585 1566 626 1630 ab
643 1566 788 1631 inscitiae
805 1566 937 1631 crimino
953 1573 1150 1649 purgaretur.
1178 1566 1302 1656 ultaque
1324 1566 1405 1631 illud

173 1667 447 1751 praeoptablmus,
471 1666 556 1749 quod
580 1687 721 1733 arerum
741 1673 855 1733 natura
878 1675 910 1732 et
932 1668 1067 1754 ueritate
1083 1668 1233 1734 aberrare
1248 1667 1404 1733 videatur.

175 1769 319 1853 Cumque
348 1768 458 1835 stellas
487 1769 540 1833 vel
570 1769 731 1835 secundae
761 1777 793 1835 et
822 1767 936 1834 tertiae
965 1770 1196 1852 magnitudinis
1225 1768 1287 1835 hoc
1316 1769 1404 1835 sidus

175 1872 420 1956 complectatur,
448 1861 644 1936 ‘obscurum'
677 1891 741 1936 non
776 1871 845 1936 iure
880 1873 1058 1938 vocaveris.
1103 1867 1279 1957 «ἐλαφροῦ»
1308 1872 1405 1954 igitur

178 1976 364 2059 scripturam
387 1979 552 2055 praestare
573 1973 607 2038 in
630 1972 816 2058 Hipparcho
837 1973 1066 2039 contendimus.
1104 1973 1145 2038 Et
1167 1974 1318 2056 quoniam
1340 1993 1405 2038 non

177 2077 268 2143 modo
298 2076 435 2140 alterum
464 2074 644 2159 Hipparchi
674 2077 795 2157 locum,
827 2094 939 2141 verum
970 2077 1068 2140 etiam
1099 2074 1252 2141 Marciani
1282 2083 1403 2141 textum

179 2179 299 2258 (addito
315 2186 422 2243 tamen
438 2185 514 2243 nota
529 2178 713 2262 marginali:
736 2174 902 2261 γράφεται
923 2177 977 2240 καὶ
994 2172 1155 2262 «ἐλαφροῦ
1174 2174 1402 2265 Τοξεοτῆροςν)

179 2279 378 2363 interpolatio
395 2281 652 2364 commaculavit,
676 2300 718 2346 ex
734 2279 846 2347 codice
861 2279 980 2346 Arateo
1003 2279 1052 2344 illi
1067 2279 1221 2362 persimili
1244 2279 1401 2363 deprava-

181 2390 238 2447 tum
260 2401 332 2448 esse
357 2381 578 2466 Hipparchum
602 2391 668 2449 tato
692 2383 744 2449 vel
768 2381 844 2447 hinc
865 2380 1104 2448 adseveramus.

257 2691 273 2754 Ι
295 2710 325 2772 p.
343 2693 405 2753 204
429 2691 459 2755 Ι)
483 2691 562 2775 περὶ
580 2687 615 2754 δέ
637 2691 697 2753 τοῦ
713 2686 906 2774 ἐσημερινοῦ
928 2680 946 2750 ό
963 2684 1023 2768 μὲν
1033 2679 1179 2769 Ἄρατος
1195 2677 1300 2762 οὕτως
1316 2684 1402 2771 λέγει

184 2793 430 2873 o.515-517)·

300 2897 390 2978 σῆμα
413 2892 449 2958 δέ
473 2893 506 2959 οἱ
529 2890 633 2976 Κριός
660 2888 805 2976 Ταόροιό
828 2914 864 2955 τε
886 2888 1029 2974 γούνατα
1051 2903 1167 2955 κεῖται.

299 2994 404 3083 Κριός
425 2995 486 3079 μέν
509 2993 592 3061 κατὰ
616 2997 718 3081 μῆκος
740 2991 941 3080 ἐληλαμένας
964 2989 1020 3058 διό
1043 2989 1169 3071 κόκλοο,

157 3106 167 3153 5
302 3096 433 3181 Ταύρου
457 3098 493 3163 όέ
517 3094 660 3163 σκελέων
682 3088 766 3185 όσση
790 3099 1028 3181 τιεριφαλνεται
1050 3087 1161 3169 ὀκλάξ.

184 3194 210 3263 έν
230 3200 264 3266 δέ
285 3198 417 3278 τούτοις
440 3193 599 3288 ἠγνόηται
619 3197 662 3264 τὰ
687 3201 766 3283 περὶ
788 3195 846 3263 τόν
870 3189 985 3282 Κριόν.

257 3340 271 3388 3
292 3335 320 3392 ol
342 3335 512 3390 Marcianus:
538 3354 584 3391 τοι
602 3335 651 3390 LV
665 3336 674 3401 ΙΙ
692 3340 706 3387 5
727 3327 818 3398 ὀκλάξ
832 3331 990 3386 Marcianus
1012 3329 1172 3398 Apollonius
1195 3331 1256 3396 Arg.
1276 3328 1316 3381 III
1337 3333 1400 3383 1308

181 3419 227 3472 ulii:
250 3413 338 3486 όκλός
355 3420 412 3476 LV.

254 3594 392 3661 Dativus
414 3591 475 3659 «ολ»
497 3616 527 3660 v.
545 3598 607 3658 515
622 3592 804 3658 necessario
827 3591 1007 3674 requiritur,
1031 3588 1107 3671 quia
1122 3588 1247 3670 signum
1267 3580 1400 3652 ‘circulo

180 3689 347 3781 aequatori'
373 3704 446 3764 sunt
468 3697 561 3763 Aries
584 3702 616 3761 et
642 3713 748 3777 genua
769 3694 878 3759 Tauri.
922 3688 1035 3774 Itaque
1059 3689 1119 3756 hoc
1142 3710 1238 3757 versu
1263 3688 1310 3769 (et
1326 3689 1399 3765 517)

182 3817 216 3864 ex
235 3801 396 3868 Marciano
420 3799 452 3863 in
476 3797 695 3881 Hipparchum
718 3795 900 3862 emendatio
924 3793 1090 3860 redundat.

709 3983 860 4049 XXXVI.

252 4107 268 4172 I
289 4127 320 4192 p.
337 4110 399 4170 204
423 4107 450 4171 E
473 4102 546 4190 ἑξῆς
569 4100 605 4165 δέ
628 4122 730 4187 φησιν
754 4105 797 4180 (v.
814 4104 1007 4174 cla-otor

297 4206 330 4273 ἐν
353 4205 390 4273 δέ
413 4204 451 4272 τὲ
476 4205 509 4271 ολ
532 4202 614 4291 ζώνη
639 4201 816 4290 έοφεγγέος
835 4195 992 4283 Ὠρίωνος

256 4345 270 4393 2
288 4340 413 4412 ζώνηςΙι
436 4343 446 4408 l
465 4338 620 4411 ἐνφεγγέος
632 4336 712 4416 etiam
726 4337 859 4389 Marciani
877 4350 972 4389 manus
985 4332 1125 4387 recentior.
