3174 5160
360 338 383 392 1.
401 337 452 390 DE
470 338 632 391 ACHILLE
651 337 896 393 GRAMMATICO
917 338 1028 394 ARATI
1046 335 1293 394 INTERPRETE.
1403 341 1443 398 49

167 513 268 576 στοῦ
304 503 366 590 ύιελ-Ι
387 512 534 595 φανεροῦ
566 508 683 574 κύκλου
719 512 821 595 φησίν
851 502 952 596 αὐτὴν
982 516 1169 597 φαίνεσθαι
1204 510 1308 596 λέγων
1341 504 1446 590 οὕτως

205 619 251 690 (ν.
268 615 424 690 61-62)·

381 719 471 799 κείνη
495 738 562 778 nov
585 710 711 799 κεφαλὴ
736 715 776 798 τῇ
800 718 959 791 νίσσεται,
982 706 1038 799 ᾗχί
1061 737 1124 796 ντερ
1149 708 1248 796 ἄκραι

383 821 560 899 μίσγονται
583 813 694 890 δύσιές
716 817 830 880 τεκαὶ
853 806 991 879 ἀντολαὶ
1014 808 1204 902 ἀλλήλῃσιν.

299 955 381 1022 λτῆς
399 949 571 1018 posteriusL
590 949 617 1001 in
636 949 756 1013 margine
774 949 888 1014 etVll2
908 943 960 1003 τὸν
973 948 1009 1000 V:
1030 945 1208 1016 olel3adr
1228 948 1446 1021 φαινόμεναΙιΙΙ

209 1041 225 1088 4
238 1040 380 1106 διαφωνεῖ
396 1035 439 1100 Llj
454 1039 468 1087 5
482 1028 527 1090 αἰεί
545 1050 587 1087 um
607 1034 629 1085 1.
643 1035 652 1100 ΙΙ
666 1039 679 1084 ἰ
698 1035 778 1103 κείνη
790 1053 847 1088 που
858 1029 967 1103 κεφαλὴ
987 1038 1021 1101 τῇ
1037 1035 1165 1089 νίσσεται
1178 1034 1348 1090 Marcianus:
1366 1038 1446 1106 κείνη

207 1141 268 1176 που
285 1125 398 1192 κεφαλῇ
416 1123 574 1192 τηνείσεται
592 1123 615 1181 (ϊ
630 1118 664 1170 ad
683 1137 707 1173 ει
719 1119 913 1186 superscripto)
926 1119 958 1180 V,
977 1120 1057 1187 κείνη
1070 1139 1129 1190 παρ
1141 1124 1253 1190 κεφαλῇ
1269 1125 1304 1191 τῇ
1322 1124 1446 1178 νείσεται

207 1207 242 1269 L,
266 1206 340 1258 unde
357 1207 436 1277 κείνη
458 1201 515 1278 γὰρ
533 1197 642 1275 κεφαλὴ
665 1203 727 1255 coni
745 1203 866 1269 Scaliger
886 1204 896 1269 ll
918 1207 933 1256 8
951 1206 1101 1274 μίσγονται
1119 1203 1200 1258 LV³:
1226 1207 1361 1276 μίγονται
1378 1206 1421 1261 V¹
1439 1205 1448 1276 ll

209 1295 224 1344 8
244 1286 337 1355 δύσιές
355 1311 387 1347 τε
404 1291 428 1342 V
447 1290 618 1343 Marcianus:
647 1283 723 1352 δύσις
741 1285 801 1342 ἐστὶ
820 1288 841 1339 L
863 1289 872 1354 ΙΙ
892 1283 1011 1344 οἷντολαί
1029 1288 1051 1340 L
1071 1288 1241 1344 Marcianus:
1261 1284 1401 1346 οἷνατολαὶ
1414 1291 1446 1347 V.

297 1447 334 1509 V.
360 1449 397 1510 [tl
430 1465 513 1528 quae
542 1445 659 1509 leviter
687 1450 836 1526 corrupta
865 1442 1044 1525 Hipparchi
1075 1445 1240 1511 codicibus
1271 1447 1377 1511 insunt
1406 1468 1447 1513 ex

206 1536 422 1613 Marcia-„iet
443 1551 534 1612 textu
557 1553 589 1609 et
611 1544 734 1610 scholio
757 1545 799 1609 ad
823 1565 853 1609 v.
871 1549 931 1610 497
956 1546 1150 1612 sanavimus.
1189 1548 1267 1612 Cum
1284 1547 1447 1614 Marciano

207 1651 263 1714 vel
292 1656 459 1732 corruptus
493 1648 571 1712 facit
599 1645 804 1729 Hipparchus
839 1653 870 1711 et
899 1647 1005 1711 obstat
1033 1648 1264 1731 paraphrastae
1294 1649 1335 1714 ad
1358 1671 1389 1714 v.
1406 1653 1449 1720 62

208 1746 292 1816 haec
315 1751 481 1816 scribenti:
511 1743 527 1812 ὁ
554 1745 589 1811 δὲ
616 1749 706 1822 νοῦς·
737 1744 841 1834 ἐκείνη
872 1743 906 1810 δὲ
933 1741 950 1832 ἡ
975 1745 1144 1836 aemulari
1175 1753 1234 1813 τοῦ
1256 1749 1449 1831 Δράκοντος

207 1849 293 1917 κατὰ
317 1853 417 1916 τοῦτο
432 1849 469 1915 τὸ
487 1848 586 1931 μέρος
609 1846 742 1934 νήχεται
764 1850 817 1912 καί
835 1847 985 1935 κολυμβᾷ
1008 1844 1098 1935 ἄκρῳ
1115 1853 1174 1914 τοῦ
1187 1843 1342 1916 Ὠκεανοῦ
1357 1845 1447 1930 κτλῘ,

209 1962 242 2020 et
270 1955 427 2020 anterius:
461 1947 480 2039 ἡ
511 1951 547 2015 δὲ
576 1953 636 2015 τοῦ
657 1950 849 2034 Δράκοντος
879 1948 1005 2036 κεφαλὴ
1036 1946 1102 2015 dard
1134 1953 1241 2032 τέλμα
1273 1938 1356 2016 ούσα
1388 1957 1448 2018 τοῦ

203 2048 395 2140 Ἑνγούνασι
423 2056 561 2118 καὶτοῦ
584 2048 650 2117 dard
675 2049 732 2116 τὸν
761 2051 853 2116 ντύδα
879 2051 996 2116 κύκλον
1020 2051 1238 2135 ἐπιψαύουσα
1263 2053 1296 2118 ἐν
1319 2057 1366 2138 τη]
1391 2053 1449 2119 τὸν

209 2151 352 2241 σῦρανὸν
385 2161 556 2222 κινεῖσθαι
590 2159 742 2240 γινομένη
779 2155 858 2234 ντερὶ
886 2150 944 2218 τὸν
978 2153 1204 2240 μεσημβρινὸν
1238 2153 1355 2220 κύκλον
1390 2150 1445 2220 ἔντ’

210 2253 326 2342 ἄκροις
349 2271 419 2335 τοῖς
438 2261 498 2323 τοῦ
509 2252 664 2322 Ὠκεανοῦ
688 2248 806 2320 ύδασιν
824 2254 968 2336 ἐ’ρχεται·
994 2248 1031 2320 ού
1055 2254 1118 2342 γὰρ
1135 2256 1345 2336 καταδύεται,
1370 2250 1446 2322 tlt>

209 2352 325 2446 dieraco
350 2354 463 2437 αὐτοῖς
486 2358 692 2444 ἐπινήχεται·
720 2352 833 2442 ὀλίγον
855 2355 917 2441 γὰρ
941 2357 1074 2444 σφόδρα
1096 2361 1155 2422 τοῦ
1178 2353 1347 2440 ὁρίζοντος
1371 2357 1446 2424 ἐκτι-

208 2461 326 2543 ψαύει.
363 2463 477 2545 Itaque
500 2462 660 2548 «νήχεται»
683 2462 739 2526 ille
754 2462 842 2543 legit,
867 2461 954 2544 quod
972 2461 1059 2526 idem
1083 2463 1115 2526 in
1132 2465 1325 2529 recentiores
1347 2464 1446 2529 libros

209 2565 367 2648 quosdam
390 2566 554 2648 pervenit,
583 2584 644 2629 nec
665 2564 749 2627 male
772 2582 830 2645 per
853 2582 887 2627 se
911 2563 1051 2645 quidem,
1076 2567 1227 2653 quoniam
1250 2565 1336 2647 quod
1358 2585 1446 2630 mare

210 2687 323 2732 versus
347 2667 488 2733 declinat
510 2687 570 2731 nec
592 2672 700 2731 tamen
716 2664 835 2729 occidit
857 2670 932 2745 apte
948 2665 1064 2729 dicitur
1084 2658 1234 2731 ‘natare'.
1273 2669 1341 2731 Iam
1358 2687 1446 2748 vero,

209 2769 243 2832 id
268 2770 295 2833 si
318 2788 450 2834 necesse
473 2768 645 2848 videbitur,
669 2766 840 2830 adiuvatur
855 2764 1010 2830 Marciani
1026 2767 1267 2850 Hipparchique
1292 2770 1447 2850 scriptura

210 2874 391 2934 «νίσσεται»
415 2871 456 2934 ab
479 2869 617 2950 Achille,
642 2875 676 2932 ut
698 2888 749 2932 res
772 2869 805 2930 in
829 2868 938 2948 aprico
961 2869 1010 2933 sit.
1057 2870 1097 2932 Et
1120 2871 1164 2934 ita
1187 2871 1307 2934 Latini:
1335 2871 1447 2935 Cicero

210 2973 248 3036 fr.
266 2973 298 3036 X
322 2972 398 3038 «hoc
420 2979 517 3055 caput
533 2956 587 3035 hic
604 2972 746 3053 paullum
766 2988 837 3035 sese
858 2971 963 3034 subito
987 2989 1127 3052 aequore
1147 2970 1264 3054 condit,
1288 2979 1375 3035 ortus
1391 2972 1446 3035 ubi

209 3081 309 3156 atque
333 3076 436 3144 obitus
459 3081 582 3156 partem
600 3073 816 3138 admiscentur
840 3073 871 3135 in
888 3092 1015 3153 unam>›;
1040 3072 1249 3136 Germanicus
1273 3093 1302 3135 v.
1321 3075 1443 3135 60-61

209 3173 287 3239 «λικε
314 3175 458 3240 radiatur
487 3177 644 3257 serpentis
673 3174 799 3238 declive
831 3183 955 3256 capub>3
990 3174 1133 3238 Avienus
1164 3194 1193 3236 v.
1220 3176 1279 3236 1⁴65
1309 3173 1385 3238 «hac
1414 3175 1446 3238 in

208 3283 302 3360 parte
326 3278 410 3342 sacri
432 3277 641 3359 procumbere
665 3277 804 3341 cernitur
827 3278 922 3340 axis».

300 3379 445 3443 Breviter
461 3378 502 3442 de
518 3379 665 3443 versibus
682 3380 850 3442 uls—652
867 3377 1059 3459 disputaturi
1075 3378 1116 3441 ab
1132 3375 1261 3440 Achille
1276 3377 1446 3460 adscriptis

210 3479 349 3562 primum
375 3479 564 3545 subicienda
593 3499 760 3545 censemus
784 3479 961 3562 Hipparchi
991 3499 1073 3562 qnae
1096 3479 1137 3543 de
1161 3479 1225 3543 illis
1248 3479 1325 3543 fecit
1347 3479 1447 3543 verba

212 3588 246 3646 et
268 3582 492 3647 constituenda
514 3582 529 3646 l
551 3602 582 3664 p.
602 3584 660 3644 193
675 3584 717 3645 A:
1535 3578 1537 3583 ’

296 3771 406 3854 χωρχχ1
428 3766 464 3832 δὲ
486 3770 551 3832 τιῦν
582 3766 765 3854 εἰρημένων
796 3760 982 3853 ἀμφότεροι
1010 3760 1185 3851 ἀγνοοῦσιν
1209 3759 1227 3831 ύ
1249 3791 1285 3831 τε
1308 3762 1447 3850 Ἄρατος

208 3871 265 3933 καὶ
298 3865 316 3934 ὁ
346 3865 506 3947 Ἄτταλος
538 3873 586 3950 (fr.
611 3875 663 3946 26)
693 3869 1029 3956 σοναντσφαινύμενος
1058 3863 1162 3953 alep,
1193 3867 1280 3933 διότι
1311 3868 1400 3934 δύνει
1428 3863 1446 3934 ὃ

213 3969 352 4058 Κηφεύς
373 3975 416 4058 τῇ
439 3971 522 4058 ζώνη
546 3978 588 4050 (v.
605 3977 802 4047 650-652)·

322 4087 421 4158 γαῖαν
445 4073 583 4154 ἐντιξύει,
607 4073 647 4138 τὰ
672 4075 731 4155 μὲν
756 4073 803 4150 είς
826 4069 972 4159 κεφαλὴν
994 4071 1084 4153 μάλα
1108 4071 1218 4136 πάντα

173 4192 187 4239 5
318 4175 459 4258 βάπτων
479 4169 657 4253 Ὠκεανοῖο,
681 4175 722 4240 τὰ
747 4170 778 4238 δ)
806 4171 842 4239 ού
866 4179 968 4255 θέμις
989 4167 1087 4249 (ἀλλὰ
1111 4174 1151 4237 τύ
1174 4167 1204 4257 γ)
1232 4167 1331 4239 αύτύν

319 4275 452 4361 Ἀρκτοι
474 4278 648 4355 κωλύουσι)
673 4277 781 4354 adduc
804 4280 858 4343 καὶ
881 4280 981 4361 γοῦνα
1004 4279 1060 4341 καὶ
1084 4274 1163 4351 ίξύν.

167 4415 170 4421 ·
264 4386 373 4440 Philolog.
387 4387 587 4440 Untersuohungen
600 4388 654 4430 XII.
1279 4380 1296 4428 4
