3174 5160
238 388 298 443 VII.
317 386 460 442 EUDOXI
478 388 595 442 CNIDII
613 387 847 443 FRAGMENTA
865 386 917 440 EX
936 387 1143 442 HIPPARCHO
1163 387 1366 443 CONLECTA.
1405 389 1467 447 299

236 555 363 643 ὁμοίως
392 553 643 645 ἀναγράφουσιν
673 552 913 645 ἀμφοτέροκς)
942 554 979 624 ού
1010 557 1149 624 δυνατὸν
1184 557 1327 646 ἑκατέρῳ
1356 555 1465 626 αύτων

236 674 428 748 συμφωνεῖν
443 657 480 726 τδ
498 659 712 747 φαινόμενον.
746 661 797 727 δεῖ
815 661 850 726 δὲ
866 656 994 727 κάκεῖνο
1011 661 1232 747 διειληφέναι,
1250 661 1337 727 διότι
1353 662 1465 729 πάντα

233 764 294 848 μὲν
318 760 407 848 πλὴν
430 756 551 846 ὀλίγων
573 765 673 828 ιινιῦν
696 757 823 845 ὁμοίιος
846 757 1034 846 ἀμφότεροι
1062 757 1293 851 ἀναγράφουσι
1319 761 1360 829 τὰ
1387 768 1465 849 περὶ

233 864 296 942 τὰς
319 859 485 941 ἀνατολάς
506 859 537 942 (ὁ
561 863 624 951 γὰρ
640 859 781 944 Ἄρατος
797 877 868 941 τοῖς
885 861 948 929 ύιιδ
966 868 1026 930 τοῦ
1042 869 1069 928 Ε
1075 872 1130 929 ΥΔ
1138 867 1198 936 ΟΞ
1201 868 1263 930 ΟΥ
1276 866 1464 949 λεγομένοις

181 1000 209 1048 15
231 960 480 1054 ἠκολούθηκεν),
503 969 723 1051 συμφωνοῦσι
738 971 855 1049 μέντοι
869 990 905 1050 γε
922 967 956 1031 αἱ
971 960 1032 1031 ὑπ’
1053 960 1161 1031 αάτιῦν
1179 961 1465 1052 ἀναγεγραμμέναι

233 1070 460 1135 συνανατολαὶ
481 1071 523 1155 τῇ
545 1067 630 1134 κατὰ
654 1067 711 1134 τδν
726 1063 867 1153 Ἄρατον
887 1071 1015 1149 μᾶλλον
1031 1072 1091 1134 τού
1105 1068 1280 1154 Ζῳδιακοῦ
1304 1070 1465 1154 διαιρέσει

229 1166 319 1260 ἤπερ
334 1167 419 1235 κατὰ
435 1168 494 1237 τὸν
511 1175 601 1235 ΕΥΔ
608 1172 669 1240 ΟΞ
673 1174 744 1235 ΟΝ.
783 1169 878 1235 ἔσται
895 1170 930 1235 δὲ
953 1174 1051 1236 τοῦτο
1075 1168 1221 1256 φανερόν
1245 1169 1278 1235 ἑκ
1300 1175 1360 1236 τοῦ
1381 1171 1464 1237 κατὰ

229 1278 332 1359 μέρος
356 1274 434 1357 περὶ
459 1265 568 1339 αύτῶν
590 1272 842 1360 ῥηθησομένων.

323 1429 353 1478 11
372 1424 453 1493 suppl
472 1423 610 1478 Victorius
632 1424 641 1490 ΙΙ
668 1427 696 1476 12
715 1421 768 1479 τὸν
787 1423 809 1477 V
833 1424 842 1489 ΙΙ
866 1427 895 1476 11
915 1419 996 1495 είτιερ
1015 1423 1044 1475 L.

787 1595 910 1661 XXXV

317 1715 523 1800 11p2150
546 1712 588 1778 τὰ
611 1714 647 1779 δὲ
671 1717 749 1795 ιιερὶ
771 1711 830 1778 τὸν
849 1706 1044 1838 Οφισύχρν
1050 1711 1237 1798 συμφώνως
1259 1706 1465 1782 ἀποδιδόασι

228 1844 275 1939 ιφ
300 1807 596 1936 φαινομένφοτε
618 1809 823 1898 Αρατος(
841 1815 916 1897 577)
944 1818 1001 1880 καὶ
1028 1809 1045 1879 ό
1071 1816 1297 1886 ΕΥΔΟΞΟΣ.
1344 1816 1376 1880 οἱ
1404 1817 1464 1898 μὲν

226 1918 292 2006 γὰρ
320 1944 407 2003 ωμσι
435 1930 507 1995 τοῖς
529 1916 695 2000 Διδύμοις
725 1911 1056 1995 ἀντικαταδύνουσιν,
1091 1912 1108 1981 ό
1140 1916 1218 1982 δὲ’
1205 1942 1238 1982 εν
1266 1920 1307 2002 τῇ
1335 1922 1464 2006 κεφαλῇ

228 2020 321 2088 δύνει
345 2013 591 2108 ἀνατελλούσης
611 2022 670 2107 τῆς
694 2045 729 2084 ια
762 2024 884 2104 μοίρας
906 2021 1158 2104 τοῦΚαρκίνσυ.
1196 2013 1307 2084 τουδ
1320 2015 1462 2107 Ὄφεως,

183 2139 201 2188 5
225 2121 266 2190 δν
283 2117 383 2205 ε’χειδ
396 2115 625 2208 ΗΟφισύχος,
608 2147 627 2205 η
644 2114 726 2204 σύρά
743 2116 845 2203 μόνον
862 2116 946 2206 ύιιὲρ
961 2121 1049 2205 γῆς’
1036 2143 1134 2200 εστιν,
1152 2145 1197 2198 ως
1214 2116 1231 2186 ὁ
1250 2125 1467 2193 ΕΥΔΟΞΟΣ

228 2230 345 2314 φησίν,
368 2226 425 2291 καὶ
448 2217 507 2304 ούχ
528 2217 547 2309 ἦ
572 2220 711 2309 κεφαλή,
735 2218 781 2299 ιύς
804 2219 821 2288 ὁ
840 2217 989 2307 Ἄρατος.
1022 2218 1118 2310 ἡμὲν
1136 2220 1198 2308 γὰρ
1215 2223 1341 2311 κεφαλὴ
1361 2217 1464 2290 αύτού

229 2326 322 2394 δύνει
346 2319 596 2392 ἀνατελλόντων
617 2328 730 2407 μέσων
752 2325 900 2407 μάλιστα
923 2328 990 2390 τιῦν
1012 2324 1188 2407 Διδύμων,
1219 2322 1236 2390 ό
1262 2326 1298 2391 δὲ
1322 2326 1355 2391 ἓν
1380 2322 1463 2413 ἀκρςι

227 2431 271 2516 τῇ
294 2422 377 2516 ούρᾷ
400 2425 491 2493 δύνει
514 2420 758 2514 ἀνατελλούσης
780 2430 838 2514 τῆς
861 2426 978 2514 ένότχς
1000 2433 1121 2513 μοίρας
1144 2429 1203 2492 τοῦ
1226 2434 1401 2513 Καρκίνου.

318 2584 332 2633 ν
352 2573 368 2635 ὁ
387 2580 520 2647 posterius
539 2577 623 2633 σου
646 2579 654 2644 χ
676 2578 780 2634 ιιὲι
803 2581 811 2645 χ
834 2570 984 2648 εειιάιης
1003 2578 1034 2633 V.

779 2768 919 2831 XXXVI

316 2889 348 2954 II
369 2910 402 2973 p.
418 2886 527 2952 215D
556 2886 635 2970 ιιερί
666 2883 701 2948 δὲ
731 2887 790 2949 τοῦ
819 2878 1084 2972 Άρκτοφύλακος
1114 2881 1300 2966 ὁλοσχερῶς
1328 2885 1463 2951 δοκοῦσί

227 3014 290 3074 μοι
319 2983 465 3073 ἀγνοεῖν·
498 2988 582 3073 φασί
616 2983 679 3071 γὰρ
710 2979 810 3051 αἰτόν
839 2990 999 3072 τέσσαρσι
1029 2985 1161 3071 ζφδίοις
1193 2980 1462 3054 ἀντικαταδύνειν

230 3094 326 3179 Κριιρ
347 3116 385 3157 τε
406 3092 462 3156 καί
482 3088 603 3173 Ταύρῳ
626 3089 680 3152 καὶ
697 3087 863 3170 Διδύμοις
885 3091 940 3152 καὶ
958 3093 1122 3173 Καρκίνφ.
1161 3084 1178 3152 δ
1202 3090 1263 3170 μὲν
1283 3086 1346 3174 γὰρ
1362 3083 1461 3172 Ἄρα-

228 3218 288 3272 τος
310 3245 317 3259 .
342 3245 350 3260 .
375 3244 382 3258 .
404 3194 457 3269 (ε1.
489 3194 634 3274 eclogam
664 3191 769 3256 XLVI
799 3212 829 3274 p.
849 3195 938 3273 111),
973 3185 989 3254 ό
1027 3190 1061 3254 δὲ
1092 3191 1310 3261 ΕΥΔΟΞΟΣ
1339 3188 1461 3276 γράφει

181 3300 199 3349 5
230 3288 351 3372 ούτως

358 3388 439 3462 όταν
462 3389 479 3460 ό
504 3392 609 3478 Κριός
633 3391 728 3480 δύνῃ,
757 3397 824 3459 τῶν
846 3395 905 3476 μὲν
929 3393 1015 3480 ιιρδς
1039 3388 1177 3480 ἀρκτους
1199 3397 1258 3459 τού
1284 3389 1461 3480 Ἀρκτσφύ-

359 3499 458 3572 λακος
482 3496 516 3561 σί
539 3495 642 3573 ιιόδες
665 3495 834 3572 δύνουσιν,
865 3499 931 3560 τῶν
959 3497 994 3561 δὲ
1017 3494 1104 3579 ιιρδς
1128 3494 1224 3562 νότον
1251 3497 1310 3560 τοῦ
1335 3500 1460 3583 Οηρίου

357 3597 395 3664 τό
424 3597 556 3664 λοιπόν.

228 3702 263 3769 έν
287 3702 322 3768 δὲ
345 3704 387 3788 τῇ
411 3694 493 3787 ἀρχῇ
515 3703 575 3765 τοῦ
595 3695 695 3784 ’Περὶ
718 3703 783 3763 τῶν
806 3692 991 3764 ἀνατολῶν)
1019 3698 1117 3783 λόγου
1141 3696 1286 3764 διελθών
1315 3691 1379 3763 ὅσα
1403 3697 1461 3764 έιιὶ

168 3809 202 3859 1⁰
228 3802 355 3880 δύσεως
383 3807 439 3869 καί
469 3796 633 3889 ἀνατολῆς
662 3801 750 3867 ἐστιν
780 3793 961 3883 ἀρχομένου
992 3802 1050 3864 τοῦ
1074 3805 1240 3881 Καρκίνου
1269 3792 1460 3864 ἀνατέλλειν

227 3904 303 3996 ἑξῆς
326 3922 445 3993 φησιν·

357 4005 438 4073 όταν
454 3999 485 4070 δ’
506 4000 523 4071 ό
541 4010 706 4089 Καρκίνος
726 3998 897 4088 ἀνατέλλῃ,
921 4006 987 4067 των
1009 4002 1069 4084 μὲν
1093 4001 1179 4089 ιιρδς
1202 3997 1341 4089 ἀρκτους
1358 3996 1460 4067 οόθὲν

358 4105 501 4189 ἀνίσχει,
532 4110 598 4172 των
628 4106 664 4171 δέ
693 4103 779 4193 νιρδς
810 4104 906 4171 νότον
929 4100 945 4170 ό
970 4103 1097 4188 Λαγιὺς
1120 4107 1175 4169 καὶ
1204 4106 1264 4170 τοῦ
1286 4101 1396 4180 Κυνός
1419 4103 1459 4167 τὰ

315 4249 468 4315 ὅσύτωλ
490 4258 500 4326 ΙΙ
521 4263 536 4311 6
556 4248 604 4314 ὅτ’
629 4252 665 4314 ἀν
685 4257 723 4323 L,
747 4263 776 4309 ut
799 4256 872 4310 infra
891 4256 901 4323 ΙΙ
928 4260 956 4308 12
977 4246 1048 4311 ύθιν
1066 4255 1089 4306 V
1109 4255 1119 4324 ΙΙ
1147 4259 1174 4307 13
1200 4249 1352 4328 λαγῳὸςΙι
1377 4257 1385 4322 ΙΙ
1412 4258 1461 4310 καί

226 4347 291 4399 ante
309 4338 344 4399 τδι
363 4341 416 4397 add
434 4342 466 4397 V.
