3174 5160
502 360 535 412 V.
554 359 604 412 DE
624 358 736 412 ARATI
756 359 915 413 SORIPTIS
933 359 1164 415 DZPERDITIS.
1385 359 1444 417 237

218 529 449 616 καταλογάδην
472 532 634 612 λεχθέντα
657 535 737 614 περὶ
759 534 824 596 τῶν
848 536 1059 617 φαινομένων
1074 535 1184 616 μέτρφ
1200 530 1375 615 <έντ>εῑναι
1391 533 1446 595 καὶ

220 623 280 712 ἅμ’
314 631 470 710 εἰπόντος
497 630 543 709 ὡς
569 626 803 715 «εὐδοξότερον
832 644 943 707 ποιεῖς
970 632 1028 697 τὸν
1058 628 1203 709 Εὔδοξον
1232 631 1378 708 ἐντείνας
1405 629 1447 696 τὰ

169 755 197 805 10
221 727 305 820 παρ’
326 727 416 819 αὕτη]
430 740 565 816 κείμενα
580 739 720 821 μέτρῳ».
759 737 910 819 Sequitur
926 737 1078 819 temporis
1095 736 1248 801 definitio.
1283 737 1445 818 μέμνηται

220 834 257 899 δέ
279 839 339 900 τοῦ
358 831 589 919 (Κατόπτροσ
618 831 763 913 Εὐδόξου
785 839 839 901 καὶ
863 830 1053 920 Ἀντιγόνου
1077 839 1132 901 καὶ
1153 828 1365 918 Ἀλεξάνδρου
1389 838 1446 899 τοῦ

218 934 382 1002 Αἰτωλοῦ
403 940 460 1004 καί
483 933 528 1014 ὡς
549 932 681 1025 ἠξιώθη
704 934 771 1004 ὑπὸ
796 940 855 1002 τοῦ
877 939 1041 1019 βασιλέως
1056 936 1186 1021 γράψαι
1204 936 1237 1002 έν
1252 951 1328 1012 ταῖς
1345 935 1449 1013 ἰδίαις

219 1041 522 1104 ΕΠΙΣΤΟΛΑΙΣ
540 1036 689 1123 Ἄρατος.

306 1193 321 1242 8
340 1191 420 1259 suppl
434 1191 681 1246 Westermunnuae
699 1192 716 1246 l.
730 1197 802 1259 usq..
815 1188 942 1246 ἐκθεῖναι
956 1190 1016 1243 coni
1030 1190 1157 1256 Scaliger,
1171 1184 1243 1246 εἶναι
1256 1189 1287 1244 0.
1299 1190 1447 1244 Schneider

214 1266 396 1327 ‘Nicandrea’
422 1292 450 1343 p.
464 1280 493 1342 93
521 1272 648 1348 ἔμμετρα
675 1271 748 1333 εἶναι
775 1275 884 1342 scripsit
911 1274 1036 1328 Petavius
1058 1276 1067 1341 ll
1090 1279 1105 1328 9
1126 1270 1316 1344 ἐνδοξότερον
1341 1276 1450 1342 scripsit

219 1358 307 1411 Buhle
332 1358 360 1411 ΙΙ
383 1375 410 1427 p.
429 1363 480 1413 464
510 1360 520 1429 i
548 1357 676 1432 ποιήσεις
703 1362 765 1415 coni
792 1359 924 1426 Scaliger,
952 1363 1036 1430 ποιῇς
1063 1360 1093 1413 0,
1108 1359 1255 1413 Schneider
1280 1362 1289 1427 11
1321 1358 1449 1423 ἐκτείνας

219 1444 317 1506 codex,
335 1443 431 1510 ἐκθεὶς
448 1444 511 1498 coni
530 1445 660 1513 Scaliger:
681 1461 743 1500 corr
762 1445 959 1498 Westcrmann.

220 1651 340 1718 Omnia
362 1672 444 1735 quae
468 1654 705 1737 exscripsimus,
729 1644 777 1718 ex'
794 1654 884 1717 Arati
904 1645 1056 1734 ‘propriis
1080 1646 1237 1736 epistulis'
1259 1654 1446 1735 provenisse

219 1755 335 1819 ultima
357 1756 458 1820 verba
480 1755 659 1820 ostendunt.
1166 1765 1172 1779 '

308 1859 337 1918 4.
354 1856 401 1920 lb.
414 1853 476 1931 τὰς
491 1849 522 1918 δ’
538 1851 679 1938 Ἀράτου
692 1857 981 1933 ΕΠΙΣΤΟΛΑΣ,
999 1850 1044 1919 ὡν
1060 1848 1215 1936 ἀνωτέρω
1227 1853 1447 1942 ἐμνήσθημεν,

221 1954 361 2020 πάντων
384 1954 500 2037 σχεδὸν
523 1957 791 2042 συμφωνούντων
814 1955 874 2032 τὰς
898 1955 945 2032 εἷς
964 1950 1062 2020 αὐτὸν
1080 1950 1332 2041 ἀναφερομένας
1348 1953 1449 2023 αὐτοῦ

222 2055 310 2122 εἶναι
339 2060 395 2123 καὶ
425 2054 675 2144 ὁμολογούντων
703 2064 841 2145 γνησίας
872 2053 990 2136 αὐτάς,
1019 2057 1120 2138 μάνος
1148 2054 1398 2148 Ἀπολλωνίδης
1429 2057 1446 2127 ὁ

222 2158 360 2247 Κηφεὺς
382 2158 416 2225 ἐν
438 2163 487 2245 τῴ
508 2160 538 2246 η’
552 2155 652 2247 (Περὶ
675 2166 943 2246 κατεψευσμένης
967 2154 1128 2244 ἱστορίας
1155 2154 1213 2225 οὐκ
1236 2157 1323 2227 εἶναι
1346 2160 1449 2239 αὐτὸς

225 2255 365 2348 Ἀράτου
388 2268 500 2350 φησίν,
529 2256 613 2326 ἀλλὰ
636 2263 797 2345 Σαβιδίου
821 2264 1032 2337 Πολλίωνος·
1063 2265 1121 2327 τοῦ
1146 2256 1177 2326 δ)
1206 2256 1306 2328 αὐτοῦ
1329 2265 1448 2329 τούτου

219 2367 325 2451 φησίν
338 2361 425 2430 εἶναι
439 2361 536 2449 (adr)
548 2362 832 2450 ἐπιγεγραμμένας
843 2359 1029 2450 Εὐριπίδου
1042 2357 1250 2440 Ἐπιστολάς.
1274 2367 1444 2434 Attendas:

219 2469 302 2532 liber
318 2467 457 2551 Eudoxi,
480 2487 538 2533 rex
554 2469 741 2550 Antigonus,
757 2468 945 2532 Alexander
960 2469 1103 2548 Aetolus,
1117 2461 1444 2535 ‘Phaenomenorom’

218 2570 352 2652 scriptio
375 2572 546 2635 -omnia
570 2570 651 2636 haec
672 2570 764 2635 Arati
787 2570 1067 2634 commorationem
1091 2569 1256 2634 Pellaeam
1278 2571 1447 2652 attingunt.

217 2670 268 2736 De
302 2672 399 2737 rebus
432 2672 529 2754 igitur
557 2673 698 2736 Pellaeis
727 2673 929 2737 accuratiora
957 2690 1029 2736 cum
1058 2671 1167 2752 aliquo
1197 2673 1448 2738 communicasse

216 2780 347 2855 poetam
371 2773 567 2855 intellegitur
589 2793 653 2838 una
674 2774 810 2839 fortasse
834 2774 980 2855 epistula,
1004 2772 1140 2838 fortasse
1157 2792 1233 2837 vero
1250 2775 1346 2838 etiam
1364 2794 1448 2839 com·

216 2875 375 2956 pluribus.
419 2874 488 2939 lam
511 2877 682 2958 epistolam
705 2874 867 2958 quandam
890 2881 1019 2950 reputes
1041 2874 1083 2938 ab
1107 2875 1205 2939 Arato
1228 2875 1270 2939 ad
1287 2875 1446 2942 Zenonem

218 2975 329 3040 datam
344 2976 490 3042 Athenas
514 2997 585 3043 esse
607 2978 661 3056 (cf.
680 2982 720 3049 1).
759 2977 899 3041 Zenonis
921 2977 1032 3058 quanti
1052 2976 1231 3041 interfuerit
1246 2996 1310 3058 qua
1325 2978 1448 3042 ratione

217 3076 331 3142 Pellae
353 3077 524 3160 degeretur
546 3080 633 3162 apud
649 3097 757 3161 regem
775 3078 975 3159 cognovisse,
999 3083 1130 3159 propter
1145 3078 1329 3158 Persaeum‚
1353 3099 1448 3160 quem

218 3179 250 3242 in
270 3178 495 3245 Macedoniam
510 3181 628 3246 Aratus
652 3181 822 3245 comitatus
847 3188 923 3261 erat,
947 3189 980 3244 et
995 3177 1199 3244 Philonidem
1222 3186 1367 3265 apertum
1391 3189 1449 3262 est,

217 3282 408 3362 praesertim
430 3300 503 3347 cum
525 3282 628 3348 altero
652 3289 738 3348 certo
761 3302 790 3346 a.
815 3280 887 3346 Ohr.
910 3282 1040 3346 saeculo
1064 3281 1223 3346 exstiterit
1246 3283 1384 3365 epistula
1406 3281 1449 3346 ad

218 3380 382 3448 Zenonem
394 3384 547 3466 Antigoni
563 3385 705 3464 itemquo
718 3384 858 3449 Zenonis
870 3383 912 3447 ad
924 3401 1034 3464 regem
1048 3402 1234 3465 responsum
1247 3382 1450 3465 (Apollonius

220 3484 337 3567 Tyrius
366 3485 820 3570 Diog.Laert.V118sqq.).
875 3485 965 3562 Quae
995 3483 1125 3566 quidem
1156 3485 1346 3567 scriptiones
1375 3506 1449 3551 num

220 3586 402 3652 indubitata
422 3586 488 3653 fide
508 3594 647 3666 utantur,
671 3590 777 3653 iurare
791 3590 984 3666 nolumos¹);
1008 3596 1041 3651 at
1062 3607 1126 3651 non
1142 3587 1301 3652 credimus
1316 3588 1449 3651 Aratum

158 3757 166 3774 Ι
219 3686 331 3756 Pellae
348 3690 528 3773 epistulam,
545 3709 641 3772 quam
658 3690 749 3756 Theo
765 3690 920 3755 indicavit
935 3690 968 3751 in
982 3688 1055 3752 Vita
1070 3689 1174 3769 tertia,
1191 3691 1272 3765 (sive
1284 3690 1448 3770 epistulas)

220 3788 341 3856 Zenoni
370 3792 538 3874 scripsisse
560 3794 610 3865 (cf.
628 3797 668 3869 4).
714 3792 823 3857 Potuit
859 3809 936 3854 vero
965 3785 1000 3851 ἐν
1025 3801 1100 3862 ταῖς
1130 3787 1234 3863 ἰδίαις
1257 3789 1448 3852 ΕΠΙΣΤΟ-

220 3893 344 3954 ΛΑΙΣ
357 3892 502 3959 Achilles
518 3893 638 3960 deuna
654 3895 793 3977 epistula
808 3894 935 3975 sylloga
950 3893 1074 3957 inclusa
1092 3892 1199 3957 dicere
1215 3891 1448 3975 percommode.

304 3994 526 4079 Hipparchum
543 3997 713 4078 epistulam
729 3998 823 4061 istam
840 3995 1004 4058 Pellaeum
1019 3999 1074 4057 aut
1096 4013 1160 4058 non
1176 3993 1298 4060 vidisse
1314 4004 1369 4058 aut
1390 4013 1449 4076 pro

221 4091 339 4161 ficticia
361 4094 512 4163 habuisse
536 4099 641 4180 capite
659 4098 701 4161 Vl
725 4097 902 4180 exposituri
927 4113 1044 4160 sumus.
1084 4094 1186 4171 Quam
1210 4115 1276 4159 rem
1300 4096 1351 4160 iac
1374 4116 1446 4160 con-

223 4212 425 4223 —--—-..

308 4314 327 4376 ¹)
345 4310 386 4364 Ol.
405 4313 548 4368 Susemihl.
566 4313 579 4365 Ι
598 4330 624 4382 p.
639 4316 722 4368 288¹2.
