3166 5166
485 348 517 402 v.
536 347 587 400 nn
605 306 720 401 unum
738 347 899 402 scamma
918 347 1148 403 nnrnnmnrs.
1364 349 1427 408 223

202 517 458 601 relinqueremus
474 521 589 586 Arato:
607 523 669 586 nisi
685 523 719 586 id
735 523 837 604 ipsum
854 523 1004 604 obstaret,
1021 523 1105 605 quod
1122 542 1217 589 versu
1232 515 1427 608 «Ἀντίγονε,

203 617 320 695 ξείνων
350 618 440 701 ἱερὸν
470 619 598 697 θάλος»
625 625 823 706 prooemium
854 626 934 689 illud
961 626 1003 690 ad
1026 627 1195 692 Anclidem
1218 629 1350 693 missum
1374 646 1428 692 ex·

201 725 297 805 primi
320 724 497 799 videtur¹⁶t
537 725 620 790 Nam
643 734 720 808 apta
743 728 841 792 etiam
864 733 971 792 cetera
992 730 1148 810 prooemii
1165 728 1312 794 Anulidei
1331 729 1428 811 parti-

202 826 275 890 cula
298 834 362 910 est,
393 834 429 890 ut
449 826 585 892 fidenter
608 830 759 911 suppleas
778 821 962 911 Ἀντίγονε,
991 827 1106 905 ξείνων
1130 828 1219 910 ἱερὸν
1241 829 1358 908 θάλος,
1380 827 1429 914 <εἰ

203 926 221 990 d
229 920 236 941 ‘
264 921 330 1011 άγε,
355 925 414 992 σύν
436 951 496 1010 μοι
518 920 675 1014 ου’·ρανίην
699 928 865 1012 ψαύσειας
888 930 947 997 ἐντι
968 930 1109 1014 cottion).

288 1029 381 1108 Quod
412 1033 515 1114 primo
538 1034 610 1098 loco
633 1035 797 1099 attulimus
819 1035 976 1116 prooemii
998 1036 1183 1116 frustulum,
1212 1035 1247 1099 id
1270 1035 1430 1099 dubitavit

201 1132 298 1216 Hngo
327 1132 458 1200 Grotius
488 1155 520 1218 p.
545 1139 584 1198 14
609 1127 664 1199 ‘an
694 1155 757 1200 non
793 1136 836 1201 ad
865 1137 1050 1203 Diosemeia
1078 1145 1207 1201 servata
1235 1127 1425 1218 pertineret'

201 1235 316 1318 ltaque
339 1237 400 1300 sibi
416 1236 510 1301 finxit
525 1238 659 1301 aiteram
675 1244 798 1319 partem
814 1239 1003 1303 Arateorum
1017 1239 1174 1322 peculiari
1190 1239 1266 1303 olim
1283 1238 1428 1319 exordio,

202 1337 290 1419 quod
313 1345 420 1402 tamen
444 1337 590 1403 differret
605 1359 625 1404 a
639 1339 744 1404 forma
760 1340 887 1421 tradita,
912 1342 944 1404 in
959 1343 1069 1424 aliqua
1085 1340 1226 1405 editione
1242 1340 1428 1406 instructam

200 1439 310 1505 fuisse.
364 1438 458 1517 Quod
487 1460 558 1504 cum
588 1442 694 1507 obstet
722 1441 843 1507 diserto
872 1444 1054 1525 interpretis
1082 1444 1265 1508 testimonio
1294 1442 1334 1506 de
1363 1449 1428 1506 toto

199 1534 526 1607 ‘Phaenomcnorum'
546 1546 685 1609 carmine
702 1544 846 1627 dicentis,
862 1545 1061 1610 incredibile.
1092 1544 1139 1610 cf.
1156 1563 1225 1626 cap.
1239 1543 1283 1606 Vl
1299 1549 1332 1608 et
1343 1542 1428 1606 VIII.

291 1729 322 1788 ¹³)
342 1719 495 1797 Άγιιλείδης
512 1749 544 1768 ==
571 1720 743 1798 Άνακλείδης
765 1736 877 1781 auctore
901 1728 1038 1782 Meinekio
1056 1729 1073 1782 l.
1088 1743 1111 1782 c.
1147 1728 1252 1781 Nomen
1271 1731 1429 1795 corruptum

200 1816 281 1880 putat
292 1811 515 1866 Wilamowitzius
532 1828 566 1865 ex
587 1805 721 1883 Ἀλκείδης
738 1812 780 1865 vel
801 1807 939 1884 Άγιιαίδης
957 1816 998 1868 vel
1016 1813 1097 1867 simili
1108 1813 1207 1880 aliquo.
1238 1813 1428 1881 Patronymicc

200 1895 241 1948 vel
258 1895 396 1964 gentilicia
413 1897 500 1964 poetis
519 1904 607 1950 certas
625 1914 757 1966 personas
775 1899 981 1966 adloquentibus
1000 1899 1109 1952 usitata.
1146 1891 1430 1969 ΚηροκίάηςΒατου·

201 1972 299 2051 σιάδης
317 1980 461 2052 Αἰσιμίδης
477 1971 679 2054 Ἐραομονίδης
697 1985 846 2053 Χαρίλαος
863 1982 1051 2037 Archilochus.

646 2804 676 2886 2.
699 2800 987 2883 IATPIKA.

285 2975 392 3041 Testis
416 2984 464 3042 est
486 2976 601 3041 Pollux
624 2977 655 3041 II
677 2981 716 3041 37
727 2998 772 3059 sq.
784 2979 814 3051 ¹⁰)
847 2973 983 3041 ἐκάλουν
1015 2966 1046 3036 d'
1074 2967 1177 3048 αὐτάς
1200 2970 1273 3051 (τὰς
1296 2977 1353 3061 τῆς
1376 2997 1429 3037 κε-

199 3074 310 3162 φαλῆς
333 3074 455 3162 ῥαφάς)
477 3074 600 3159 ἰατρῶν
622 3077 743 3152 τταῑὸες
767 3074 1005 3163 στεφανίτιόάς
1027 3099 1064 3139 τε
1079 3076 1135 3139 καὶ
1152 3074 1358 3156 λαβδοειὸεῖς
1373 3076 1429 3139 καὶ

199 3177 422 3254 λεττιόοειόεῖς
452 3181 508 3244 καί
540 3173 624 3243 ἄλλα
653 3181 794 3243 τοιαῦτα
824 3172 991 3259 ὀνόματα,
1020 3178 1076 3241 καὶ
1100 3175 1326 3262 ἐφιλονείκουν
1349 3178 1427 3261 περὶ
1535 3215 1536 3218 =

198 3282 258 3344 τοῦ
287 3279 444 3368 πλήθους
475 3273 599 3360 αὐτῶν,
629 3280 697 3346 εἴτε
726 3286 825 3346 πέντε
853 3278 912 3363 χρὴ
943 3277 1004 3355 τὰς
1032 3277 1144 3365 ῥαφάς
1175 3271 1334 3360 ἀριθμεῖν
1361 3276 1429 3342 ε’ίτε

161 3392 176 3439 5
198 3382 337 3459 πλείους
349 3381 417 3447 εἴτε
430 3379 594 3462 ἐλάττους,
609 3383 745 3448 πάντων
760 3383 820 3465 μὲν
835 3378 1086 3467 ὁμολογούντων
1099 3379 1255 3456 ἐλάττους
1271 3375 1356 3445 εἶναι
1369 3376 1429 3455 τὰς

198 3485 265 3547 τοῖν
280 3490 476 3568 γυναικείων
491 3488 645 3573 κεφαλῶν
662 3484 782 3573 ῥαφάς,
795 3481 976 3570 Ἡροδότου
993 3483 1233 3572 δέφάσκοντος
1256 3484 1316 3559 (ΙΧ
1332 3503 1358 3548 c.
1376 3484 1429 3559 83)

198 3583 283 3666 μετὰ
306 3583 365 3650 τὸν
388 3585 422 3651 ἐν
437 3589 629 3663 Πλαταιαῖς
653 3585 757 3674 φόνον
775 3584 894 3662 ἐντοῖς
911 3592 1089 3671 Περσικοῖς
1106 3599 1232 3671 νεκροῖς
1249 3581 1429 3669 εὑρεθῆναι

287 3788 317 3854 ¹⁶)
337 3788 411 3844 Nihil
435 3789 468 3842 de
486 3788 605 3843 Pollucis
632 3793 743 3842 auctore
769 3788 955 3850 adfirmamus,
983 3789 1031 3842 sed
1054 3787 1153 3842 Rufum
1178 3787 1327 3857 Ephesium
1346 3780 1430 3854 Ἤερί

200 3875 362 3942 ονομασίας
379 3877 438 3929 τοῖν
455 3878 508 3935 τοῦ
520 3869 681 3946 άνθριάνιου
696 3866 831 3945 μορίων,
850 3889 928 3941 quem
946 3874 973 3926 in
992 3873 1078 3928 altero
1096 3874 1165 3928 libro
1179 3872 1365 3926 concinnando
1384 3885 1429 3924 ex·

198 3957 303 4027 pilabat
325 3957 373 4020 (ld.
387 3958 489 4028 Haupt.
512 3952 632 4027 ‘Opuso'
651 3958 691 4011 ΙΙΙ
710 3963 725 4010 2
743 3976 769 4028 p.
784 3962 834 4012 429
857 3965 1005 4027 praeeunte
1029 3958 1217 4024 (lasaubonc),
1241 3970 1321 4025 posse
1344 3954 1430 4009 fuisse

197 4048 325 4112 putamus
349 4043 470 4112 quamvis
494 4060 556 4098 cum
578 4045 632 4098 alia
654 4048 712 4099 tum
735 4045 823 4112 ipsum
842 4045 920 4098 Arati
942 4045 1124 4099 testimonium
1151 4044 1180 4096 in
1198 4040 1384 4106 Darembergii
1402 4048 1430 4092 et

198 4126 298 4181 Ruellii
315 4128 432 4183 editione
449 4127 573 4181 Parisino
591 4145 617 4197 p.
635 4133 682 4183 135
690 4145 747 4197 sqq.
767 4129 942 4184 desideretur.
973 4132 1010 4182 At
1027 4130 1211 4197 probaverunt
1223 4125 1345 4180 Rhodius
1364 4118 1430 4190 (Dc

197 4211 318 4267 Pollucis
341 4207 477 4268 fontibus'
494 4229 521 4281 p.
536 4217 643 4282 86sqq.)
667 4220 694 4267 et
717 4214 839 4282 Voigtius
863 4211 927 4277 t‘De
945 4214 1049 4268 Sorano
1072 4208 1205 4282 Ephesio'
1224 4228 1251 4280 p.
1267 4215 1308 4277 29)
1327 4209 1429 4264 Rufum

196 4312 252 4352 non
268 4298 402 4365 integrum
421 4298 469 4351 sed
488 4298 528 4352 bis
546 4303 703 4367 excerptum
721 4298 756 4352 ad
773 4315 824 4353 nos
836 4298 1003 4368 pervenisse.
