3174 5160
485 374 520 428 11.
541 374 590 428 DE
607 371 722 427 ARATI
740 370 872 428 comcs
891 369 1133 424 HIPPARCHEO.
1376 367 1436 426 105
1544 395 1548 401 ·

199 550 405 618 sententiam.
429 547 584 614 (lonleras
600 567 629 611 v.
647 548 685 609 21
697 565 744 628 sq.
761 535 867 628 αάτάρ
883 534 903 608 ό
916 539 950 628 y'
969 534 1042 608 οὔδ’
1062 535 1175 627 ὀλίγον
1189 545 1436 623 μετανίσσεται,

200 643 290 715 ἀλλὰ
313 641 396 732 μάλ’
417 647 525 724 αότως
545 640 632 724 άξων
649 643 720 711 αἰὲν
737 640 867 732 άρηρεν,
891 669 921 713 v.
940 651 979 709 54
987 666 1033 729 sq.
1058 636 1096 710 οὗ
1112 641 1172 726 μὲν
1187 641 1293 730 ἐκείνη
1310 635 1436 722 οἰόθεν,

201 744 277 818 οὐδ’
305 745 377 827 οἶος
399 751 529 837 κεφαλῇ
552 742 783 831 ἐπιλάμπεται
806 741 928 837 ἀστήρ,
959 740 1043 812 ἀλλὰ
1074 744 1132 811 δόο
1156 743 1354 832 κροτάφοις,
1377 742 1437 809 δύο

201 846 237 918 δ’
264 847 468 935 ιἰ’μμασιν,ι7
446 855 531 920 v.18
555 842 667 916 ἀλλ”
657 844 930 937 ε’μπηςκάκεῑναι
954 847 1118 934 ἐπόψιαι
1143 872 1180 913 οο
1202 844 1265 932 γὰρ
1282 844 1437 933 ἐλαφραί,

200 960 372 1040 v.1.02sq
376 950 516 1075 ἤρχετο
546 946 578 1017 δ)
613 945 806 1039 ἀνθρώπων
842 955 1052 1039 κατεναντέη,
1083 942 1160 1015 οόδέ
1195 941 1275 1014 ποτ’
1309 941 1438 1030 ἀνδρῶν

200 980 283 1123 δάδέ
306 1049 386 1122 ποτ’
414 1047 599 1140 ἀρχαέων’
582 1053 726 1144 ηνηνατσ
750 1055 1027 1141 φολαγοναικῶν,
1052 1044 1125 1116 ἀλλ’
1146 1043 1270 1133 ἀναμὶξ
1291 1043 1436 1138 εκάθητο

201 1163 260 1226 καὶ
284 1153 440 1245 ἀθανάτη
464 1181 528 1243 περ
552 1155 669 1236 ἐοῦσα,
697 1160 764 1225 alia
785 1159 894 1225 multa.
939 1158 1042 1223 Aliter
1064 1156 1240 1239 explicavit
1262 1151 1438 1221 scholiasta

202 1255 246 1328 οὗ
268 1260 334 1347 μὴν
356 1257 502 1348 Αἰητοῦ]
517 1262 577 1326 τοῦ
600 1260 660 1344 μὲν
677 1252 780 1344 ἀητσῦ
804 1251 862 1325 οάκ
878 1250 1114 1340 ἀπολαμβάνει
1136 1281 1178 1335 τι,
1202 1248 1296 1321 ἀλλὰ,
1309 1252 1436 1335 μᾶλλον

202 1361 299 1450 ἐγγὺς
330 1356 432 1429 alvos
462 1361 552 1429 ἐστιν
574 1357 591 1428 ό
616 1365 675 1428 τοῦ
704 1359 789 1437 Διὸς
819 1355 964 1445 ἀγγελος.
1010 1361 1201 1446 Explicasse
1230 1357 1437 1426 scholiastam

202 1468 293 1551 quod
316 1469 349 1532 in
372 1467 639 1537 textuhlarciani
663 1466 762 1533 fertur
789 1455 1044 1545 «ἀπαμείρεται»
1075 1468 1151 1543 (uon
1177 1452 1437 1541 ἀπομείρεται»)

203 1567 260 1632 vel
284 1565 467 1650 Hesychius
489 1565 586 1631 docet
608 1585 632 1631 s.
656 1586 686 1630 v.
711 1554 949 1650 ἀπαμείρεται]
974 1558 1181 1652 ἀφαιρεῖται.

293 1668 329 1733 V.
348 1670 409 1732 523
439 1658 524 1732 τιατ)
553 1658 682 1744 αὐτόν»,
714 1669 782 1734 scil.
812 1668 965 1735 circulum
992 1676 1210 1752 aequatorenr,
1234 1663 1437 1749 Hipparchus

202 1771 396 1852 rectissime,
413 1770 622 1837 dissentiente
638 1771 892 1851 improbabiliter
908 1771 1072 1838 Marciano
1095 1761 1182 1834 ματ)
1203 1760 1345 1850 αὐτούς»,
1368 1766 1437 1833 scil.

202 1876 271 1935 tres
296 1867 432 1938 circulos
454 1878 550 1938 antea
572 1892 602 1936 v.
621 1877 682 1936 510
706 1872 846 1938 breviter
861 1873 1056 1940 nominatos:
1079 1894 1154 1939 nam
1177 1872 1361 1954 ceteroquin
1379 1868 1439 1934 hac

201 1972 240 2037 in
262 1979 356 2054 parte
379 1974 421 2040 dc
443 1976 512 2042 eolo
534 1979 711 2056 aequatore
733 1976 883 2059 exposuit
906 1977 1030 2042 Aratus.

744 2178 902 2245 XXXIX.
974 2126 982 2143 ‹

292 2296 322 2361 11
344 2317 376 2381 p.
393 2296 498 2363 209ss
521 2299 656 2378 πρῶτον
678 2297 738 2378 μὲν
762 2281 820 2363 σόν
843 2290 1017 2383 όἎρατος
1033 2292 1207 2374 ὑποδεῖξαι
1223 2293 1436 2380 βουλόμενος,

194 2401 280 2479 ,πῶς
310 2395 367 2465 διὰ
384 2400 457 2486 τῆς
484 2389 648 2484 ἀνατολῆς
676 2400 733 2465 καὶ
760 2402 819 2485 τῆς
842 2397 967 2475 δόσεως
994 2402 1061 2465 των
1092 2393 1223 2482 ἀστρων
1251 2393 1437 2483 ἐπιγνωσό-

198 2506 299 2587 μεθα
321 2498 381 2586 τὴν
405 2493 495 2586 ω’ραν
517 2503 575 2586 τῆς
598 2500 722 2581 νυκτός,
747 2502 833 2586 λέγει
856 2507 952 2567 ταοτί
974 2509 1016 2579 (v.
1035 2506 1233 2582 559-5681·

352 2597 390 2668 οὗ
406 2627 461 2669 κεν
484 2595 677 2690 ἀπόβλητον
700 2602 907 2691 δεδοκημένφ
929 2597 1058 2691 ἤματος
1080 2599 1131 2688 εἰἠ

156 2732 172 2781 5
350 2703 501 2788 μοιράων
524 2710 745 2786 σκέπτεσθαι,
769 2697 821 2771 ὅτ’
848 2699 1051 2772 ἀντέλλωσιν
1075 2705 1225 2771 ἕκασται·

349 2805 416 2872 αἰεὶ
439 2803 502 2890 γάρ
524 2806 614 2873 τάων
636 2833 672 2894 γε
694 2812 754 2896 μιῇ
778 2813 1009 2895 σονανέρχεται
1032 2801 1132 2884 αδτός

349 2902 469 2995 ἠέλιος.
514 2907 574 2986 τὰς
598 2904 628 2974 δ’
655 2905 696 2975 ἀν
718 2936 753 2978 κε
776 2915 1001 2996 περισκέψαιο
1025 2909 1172 2992 μάλιστα

349 3011 396 3088 εἰς
419 3005 523 3089 αάτάς
545 3007 669 3133 ὁρόων·
694 3007 778 3101 ἀτὰρ
802 3013 832 3081 εἰ
854 3019 1009 3102 νεφέεσσι
1031 3014 1187 3096 μέλαιναι

349 3106 489 3200 γένοιντ
515 3139 535 3200 η
559 3108 654 3198 όρεος
676 3122 893 3200 κεκρυμμέναι
916 3110 1116 3195 ἀντέλλοιεν,

350 3210 473 3337 σηματ’
501 3213 800 3305 ἐπερχομένησιν’
783 3218 928 3342 αρηρότα
951 3219 1177 3308 ποιήσασθαι.

350 3313 452 3395 αότδς
476 3307 557 3383 δ’
535 3343 576 3384 αν
597 3319 688 3402 μάλα
710 3346 764 3387 τοι
785 3322 911 3408 κεράων
935 3320 1095 3407 ἑκάτερθε
1118 3321 1226 3408 διδοιή

345 3415 500 3497 Ωκεανός
522 3419 575 3497 (τά
599 3421 635 3487 δὲ
658 3423 768 3489 πολλὰ
792 3423 1091 3512 περιοτρέφεται(
1077 3436 1128 3490 εοῖ
1151 3417 1261 3509 αὐτῶ),

349 3519 668 3622 νειόθενόππημος
689 3533 806 3592 κείνων
829 3526 1029 3654 (poptpow‘
1014 3526 1164 3614 εκάστην.

207 3629 328 3752 φησὶν
334 3612 391 3692 οάν
415 3625 449 3692 έν
465 3625 610 3706 τούτοις,
633 3627 817 3714 μάλιστα1
818 3631 864 3696 ιὲν
887 3626 974 3718 ημᾶς
990 3629 1243 3715 ἒπιγνιόσεσθαι
1257 3625 1317 3715 τὴν
1337 3618 1436 3711 ω’ραν,

167 3751 192 3800 lo
212 3728 267 3795 εάν
290 3722 398 3797 αὐτῶν
421 3732 543 3795 τιτῶν
567 3723 694 3795 διόδεκα
718 3730 845 3818 ζῳδίων
860 3737 1044 3819 θεωροῦμεν
1068 3726 1257 3798 ἀνατέλλον.
1294 3726 1352 3795 τόν
1366 3726 1437 3847 γὰρ

212 3831 425 3915 γινώσκοντα,
458 3857 492 3899 εν
515 3826 543 3918 ᾦ
572 3830 643 3898 ἐστι
674 3795 828 3920 ζηιδλφ
811 3860 828 3901 ο
853 3828 947 3921 ἥλιος
975 3838 1031 3901 καὶ
1060 3827 1142 3899 καθ’
1169 3831 1187 3899 δ
1210 3837 1311 3916 μέρος
1338 3824 1437 3896 αότοο

215 3936 265 4001 καὶ
287 3934 376 4002 διότι
399 3933 434 4001 έν
449 3934 542 4021 πόση
566 3938 656 4001 νυκτὶ
681 3935 717 4013 ἓξ
732 3935 834 4021 ζηλδια
851 3931 1034 4021 ἀνατέλλει,
1058 3937 1182 4023 ῥᾳδίως
1204 3931 1436 4018 ὑπελάμβανεν

292 4091 308 4139 4
327 4080 379 4143 σόκ
400 4085 431 4144 ἐν
449 4087 473 4141 V
491 4089 500 4156 11
522 4089 709 4158 δεδοκημένον
727 4088 766 4152 V,
790 4085 952 4158 δεδόκειμεν
970 4089 993 4141 L
1015 4091 1024 4156 11
1047 4094 1060 4140 5
1085 4078 1259 4144 σκέπτονται
1278 4085 1303 4139 V
1322 4087 1332 4152 11
1354 4082 1436 4141 όταν-

219 4161 344 4228 τὲλλωσιν
355 4172 379 4224 V
392 4174 428 4241 117
449 4166 475 4228 o'
495 4168 532 4244 ἀγ
549 4192 582 4229 κε
595 4172 626 4236 L,
646 4165 672 4227 δ’
685 4169 722 4230 ἀν
734 4178 781 4230 καὶ
794 4174 833 4242 V3
852 4168 879 4230 δ’
898 4167 934 4230 αὖ
951 4195 983 4230 κε
997 4173 1058 4228 coni
1071 4173 1189 4239 Scaliger
1201 4176 1210 4236 11
1226 4176 1240 4225 8
1258 4172 1284 4228 εἰ
1294 4172 1330 4224 V:
1349 4166 1384 4241 ἢν
1395 4170 1437 4240 Ιι11

223 4255 323 4325 νεφέεσι
340 4260 466 4327 μελαίνει
479 4259 525 4326 Vll
540 4263 555 4312 9
573 4254 766 4329 κεκρυμμέναι
784 4260 940 4314 Marcianus
954 4262 963 4328 11
976 4253 1122 4316 ἀντέλλοιε
1136 4258 1160 4308 V
1173 4260 1182 4322 1
1197 4264 1227 4309 11)
1246 4251 1437 4327 ἐπερχομένη-

224 4341 304 4396 caah:
317 4373 328 4385 ·
343 4344 451 4401 οισιν11
470 4343 627 4398 Marcianus
642 4361 703 4400 cum
716 4344 817 4398 scholio
839 4351 848 4413 1
876 4351 905 4399 14
922 4345 953 4400 ἐν
965 4345 1063 4410 τοῑςθ
1077 4351 1086 4412 1
1100 4349 1131 4397 lo
1143 4347 1235 4420 ζφδίηι
1246 4343 1325 4398 LV‘2:
1345 4359 1388 4396 orn
1401 4342 1434 4398 V.

1480 430 1491 462 Ι
